1759 2840
286 636 377 676 «Iam
405 638 573 685 quatuor
599 635 682 685 fere
708 634 803 674 anni
825 637 921 673 sunt
947 645 1066 683 quum
1094 635 1145 674 de
1179 636 1337 674 notione
1373 647 1463 674 usu-

181 713 257 752 que
297 701 545 742 attractionis
581 699 707 750 qualis
734 699 782 739 in.
803 698 954 740 Graeca
983 699 1118 749 lingua
1144 703 1249 741 esset
1275 711 1465 750 quaerere

178 766 297 816 coepi.
371 766 483 814 Quod
519 764 733 814 suscepisse
761 775 967 813 nunquam.
988 775 1050 803 me
1076 765 1289 814 poenituit:
1331 776 1466 814 quam-

177 842 300 881 quam
322 830 426 871 enim
453 830 554 870 hanc
580 841 665 869 rem
692 839 853 878 magnas
881 828 1026 883 habere
1046 828 1295 879 difficultates
1308 830 1466 875 minime

177 907 239 935 me
259 895 533 946 fugit‚3tamen
561 905 752 938 summam
774 905 825 945 ex
848 894 912 946 ea}
926 895 1168 945 voluptatem
1192 896 1351 947 percepi
1376 906 1464 936 con—

179 960 344 1010 tigitque
371 959 466 1000 mihi
493 958 597 1010 quod
625 959 674 999 de
701 950 844 999 natalis
871 959 944 999 soli
971 958 1163 999 desiderio
1179 960 1279 999 dixit
1290 959 1476 1009 Ovidius‚.

176 1028 233 1074 ut,
252 1036 373 1074 quum
390 1026 431 1064 in
451 1028 603 1081 tempus
620 1024 777 1073 aliquod
795 1024 848 1063 ab·
859 1035 978 1073 opere
991 1024 1176 1074 incohata
1193 1024 1466 1073 discessissem,

178 1099 267 1129 mox
303 1089 433 1130 nescio
469 1100 548 1139 qua.
582 1088 788 1142 dulcedine
825 1099 887 1129 me
922 1099 1059 1129 rursus
1095 1088 1273 1129 alliceret
1307 1100 1378 1129 nec
1404 1089 1466 1129 sui

178 1155 443 1195 immemorem
478 1165 564 1194 esse
599 1153 772 1208 sineret„
824 1153 880 1193 Ac
908 1153 985 1193 fuit
1010 1165 1128 1203 quum
1155 1165 1356 1204 sperarem
1381 1153 1467 1194 fore

176 1222 222 1259 ut
260 1219 488 1260 universum
534 1218 782 1259 attractionis
832 1229 950 1258 usum.
986 1218 1197 1269 scriptione
1238 1221 1466 1269 persecutus

177 1285 278 1326 hanc
315 1284 464 1337 almam
490 1284 721 1325 Viadrinam
759 1283 894 1324 valere
928 1283 1121 1334 juberem.
1195 1285 1321 1333 Quam
1359 1295 1468 1334 spem

175 1360 293 1398 quum
330 1352 460 1394 mente
497 1349 743 1398 conciperem
775 1348 939 1398 juvenili
973 1348 1101 1387 studio
1146 1349 1290 1389 ardens
1337 1349 1466 1399 passis

178 1413 349 1455 vehebar
375 1414 471 1455 velis
498 1413 671 1463 nihilque
698 1411 891 1453 habebam
918 1413 1116 1463 antiquius
1143 1425 1259 1464 quam
1286 1417 1333 1454 ut
1359 1413 1463 1464 quod

176 1478 223 1517 G.
242 1478 285 1517 T.
301 1479 347 1518 A.
363 1479 544 1528 Krueger
552 1478 592 1530 *)
613 1478 662 1517 de
680 1478 816 1526 lingua
828 1478 983 1526 Latina,
1012 1478 1116 1517 idem
1144 1489 1216 1528 ego
1245 1478 1294 1518 de
1312 1477 1465 1519 Graeca

172 1546 430 1594 praestarem.
501 1543 580 1584 Sed
621 1554 699 1583 non
738 1542 795 1582 ita
827 1542 949 1582 multo
986 1545 1076 1593 post
1108 1543 1196 1584 vela
1230 1543 1464 1584 contrahere

176 1609 300 1658 coepi,
329 1619 454 1659 quum
469 1609 513 1650 iu
531 1608 613 1648 dies
627 1603 629 1605 ’
642 1608 767 1658 magis
794 1608 1063 1657 intellegerem
1090 1608 1278 1649 ambitum
1295 1607 1464 1649 Graeca-

172 1686 260 1716 rum
288 1675 493 1716 literarum
520 1684 607 1714 esse
635 1663 823 1725 majorem
850 1684 966 1724 quam
983 1689 987 1693 *
1003 1676 1049 1714 ut
1083 1685 1131 1714 ex
1164 1674 1211 1715 iis
1247 1665 1362 1724 quem
1392 1685 1464 1724 ego

173 1740 314 1781 vellem
341 1740 501 1781 fructus-
521 1739 637 1780 facile
664 1739 813 1789 percipi
845 1742 987 1789 posset.
1059 1729 1235 1793 Accessit
1274 1739 1378 1790 quod
1414 1751 1462 1780 ea

173 1817 288 1856 quam
306 1805 489 1855 Krueger
512 1805 710 1853 ingressus
737 1807 845 1844 esset
866 1804 930 1845 v—ia
956 1815 1040 1844 rem
1068 1815 1145 1844 ιιοιι
1169 1804 1270 1845 bene
1296 1808 1461 1855 gestam,

175 1870 244 1911 sed
273 1870 390 1910 aliter
418 1869 666 1910 tractandam
693 1880 778 1909 esse
804 1869 899 1908 mihi
926 1869 1116 1919 persuasi.
1163 1870 1202 1909 Is
1230 1870 1334 1910 enim
1359 1870 1462 1911 Her-

173 1947 315 1976 manno
344 1938 506 1976 auctore
534 1934 808 1975 attractionem
844 1934 1139 1984 grammaticam
1176 1945 1261 1975 esse
1298 1934 1465 1985 figuram

173 2004 286 2042 ratus
311 2011 385 2050 per
418 1999 574 2041 dicendi
601 2010 748 2049 genera
769 1999 1033 2040 diversissima
1047 1994 1339 2040 disseminatam
1353 2000 1465 2042 varia

177 2067 261 2117 ejus
289 2076 438 2116 genera
464 2071 665 2107 ramorum
690 2065 816 2106 instar
832 2064 1019 2105 latissime
1039 2063 1266 2105 diffusorum
1279 2064 1463 2115 colligere

175 2131 225 2172 ab
258 2142 414 2184 unaque
442 2130 575 2171 radice
600 2130 785 2171 derivare
811 2130 990 2171 instituit.
1060 2129 1175 2170 Unde
1210 2129 1356 2171 factum
1390 2135 1462 2179 est,

180 2200 225 2238 ut
245 2196 381 2237 studio
408 2196 595 2247 abreptus
629 2195 855 2237 attractioni
887 2206 1051 2245 regnum
1086 2195 1346 2236 constituendi
1381 2207 1462 2236 am-

177 2263 393 2314 plissimum
430 2262 588 2313 ejusque
624 2261 720 2302 fines
755 2272 872 2311 quam
898 2248 1085 2302 latissime
1112 2260 1337 2312 proferendi
1364 2261 1461 2302 mul-

260 2372 289 2415 ’)
312 2350 554 2412 Quaestionum,
570 2381 653 2414 quae
664 2357 707 2404 a'd
719 2357 959 2415 grammaticam
970 2369 1116 2403 Latinam
1126 2369 1298 2413 pertinent,
1306 2369 1461 2403 fasciculo

175 2426 271 2461 tertio
294 2427 351 2479 qui
374 2429 424 2460 est
446 2425 487 2460 de
509 2424 716 2459 attractionis
737 2424 770 2458 in
791 2425 902 2469 lingua
922 2423 1039 2458 Latina
1059 2434 1130 2466 usu,
1151 2421 1461 2470 Bmusvigoe'ffl

174 2481 271 2517 edito.
