1759 2840
866 106 968 152 19,

249 231 350 273 eum,
377 233 492 274 quem
517 221 679 263 verbum
705 221 980 263 emntiationis
1007 221 1078 262 rel.
1105 221 1294 271 requirit,
1329 225 1519 263 tenerent.

249 278 361 328 Quod
386 289 463 328 quo
473 277 627 321 facilius
645 276 944 327 perspiciamus,
970 276 1012 316 in
1026 277 1264 317 memoriam
1279 288 1520 327 revocemus,

249 332 352 383 quod
400 331 456 371 vde
476 331 482 341 ²
508 331 776 381 pronominum
825 330 916 379 relL'
971 341 1019 369 ex
1066 330 1383 371 demonstrativis.
1434 335 1524 371 ortu

248 385 492 437 grammatici
514 385 760 425 docuerunt».
796 384 876 424 Per
900 394 946 423 se
969 383 1074 423 enim
1099 383 1240 433 elucet,
1263 396 1341 434 quo
1367 387 1527 437 propius

247 440 298 481 ab
326 440 398 480 hoc
425 443 516 490 ortu
538 438 673 479 absint
697 438 845 478 formae
871 438 1140 488 pronominum
1165 438 1264 487 rell„
1294 450 1339 479 eo
1367 441 1526 490 propius

248 495 344 535 item
370 492 508 533 abesse
533 495 717 533 naturam
743 492 1024 536 sententiarum
1049 492 1135 531 rell».
1154 504 1179 531 a
1196 493 1522 533 demonstrativis.

246 548 307 589 Ab
336 559 381 588 eo
408 551 540 587 autem
565 547 877 587 enuntiationum
899 546 986 587 rell.
1014 556 1169 596 genere,
1198 547 1302 596 quod
1327 559 1352 587 a
1370 548 1528 588 demon-

246 602 421 643 strativis
455 613 533 641 non
560 602 736 641 multum.
764 601 896 649 abest,
930 601 1203 641 attractionem
1238 602 1405 642 alienam
1441 614 1525 642 esse

246 669 295 698 ex
328 656 376 696 iis
409 658 578 706 apparet
611 666 711 705 quae
732 656 797 694 *de
824 651 908 704 e‘jus
944 655 1094 704 origine
1109 656 1112 657 ’
1128 658 1169 694 et
1195 659 1336 695 natura
1382 668 1420 706 p.
1430 659 1525 705 3.sq.

245 710 416 761 exposui.
470 709 584 757 Quod
611 710 727 762 quale
754 710 807 749 sit
833 709 950 749 etiam
976 709 1048 749 hoc
1075 708 1158 749 loco
1173 710 1359 750 cernitur.
1392 711 1525 750 Enun-

250 765 366 805 tiatio
393 763 497 804 enim
518 764 594 803 rel.
621 767 788 803 tantum*
801 762 914 802 abest
946 766 1005 802 ut·
1018 774 1106 803 cum
1142 764 1407 805 enuntiatione
1445 765 1525 814 pri-

247 819 381 859 maria
408 818 454 858 in·
475 827 596 857 unum
622 818 825 866 coalescat,
853 820 901 856 'ut
923 827 996 867 per
1021 828 1065 856 se
1097 820 1277 857 constans
1312 819 1524 868 separatim

247 874 300 914 sit
325 872 524 913 struenda.
581 872 697 912 Certe
724 864 822 912 haec
849 874 909 911 est
942 872 1044 911 ratio
1084 883 1200 924 quam
1236 884 1386 913 mecum
1421 885 1525 914 com-

244 927 454 967 municavit
480 926 649 967 Haasius
676 939 712 966 v.
741 926 801 974 cl.',
830 926 897 977 qui
924 926 1231 966 enuntiationem
1256 927 1329 967 rel.
1347 927 1530 967 σπεῦσαί

244 988 285 1021 τι
322 981 408 1020 τῶν
443 976 613 1033 βούλιος
641 981 755 1033 φέρει
792 976 905 1031 φρήν
930 979 1095 1029 subjecti
1122 980 1218 1029 loco,
1260 980 1383 1021 verba
1409 978 1523 1039 ,πιέρ-

243 1029 586 1128 εἰσιηνθὲίρθγοέυέξς
609 1035 715 1079 ,ἔπος
741 1043 814 1084 pro
842 1034 1066 1138 praei-mm
1094 1034 1344 1126 habgritvult
1368 1036 1437 1084 ita,
1474 1037 1520 1074 ut

243 1100 261 1129 S
330 1100 355 1127 V
441 1100 467 1127 11
571 1100 580 1126 :
666 1101 796 1127 11038118
830 1101 868 1127 88
938 1101 963 1126 a
1099 1101 1124 1125 u
1199 1101 1236 1126 lc
1254 1102 1328 1132 um,
1362 1102 1523 1140 quorum

242 1143 397 1203 aliquid
420 1100 731 1190 maturam-epha
764 1144 847 1193 ejus
871 1140 1068 1178 voluntas..
1119 1140 1228 1187 Quae
1264 1142 1299 1180 si
1331 1153 1426 1181 vera
1460 1144 1522 1180 est

241 1197 356 1246 ratic,
383 1197 429 1234 ut
454 1194 622 1242 videtur,
650 1193 833 1233 attractio
859 1192 932 1233 hoc
958 1193 1043 1234 loco
1080 1198 1142 1234 est
1176 1194 1293 1243 nulla,
1330 1195 1520 1248 siquidem

240 1250 325 1289 τῶν
350 1249 552 1298 genetivus
578 1248 732 1297 generis
758 1248 933 1287 neutrius
960 1258 986 1286 a
1022 1249 1248 1298 pronomine
1286 1265 1324 1288 τι
1362 1249 1519 1299 pendet,

240 1302 361 1343 verba
391 1305 530 1343 autem
558 1301 734 1343 σπεῦσαί
760 1316 817 1341 τι·
831 1312 908 1341 non
935 1302 1018 1340 siue
1045 1303 1085 1341 vi
1111 1304 1337 1351 pronomini,
1351 1304 1421 1343 rel.
1450 1315 1519 1342 an·
1601 1349 1604 1351 q

239 1358 407 1408 teposita
433 1360 535 1397 sunt.
556 1383 558 1386 -
589 1356 646 1397 Ac
672 1355 846 1406 profecto
873 1356 969 1396 haec
997 1359 1195 1397 structura
1211 1360 1256 1397 ut
1283 1358 1436 1399 concisa
1448 1358 1517 1397 ad-

239 1412 396 1451 modum
422 1415 464 1451 et
490 1406 604 1450 val'de
629 1410 768 1458 efficax
792 1410 1009 1460 judicanda
1034 1415 1107 1459 est,
1135 1412 1191 1450 ita
1219 1412 1268 1451 ab
1293 1413 1418 1452 altero
1435 1413 1518 1452 loco

238 1466 420 1517 Aeschyli
448 1465 818 1506 commendationem
852 1464 1013 1514 accipit,
1042 1466 1109 1518 qui
1136 1469 1197 1505 est
1222 1466 1330 1506 Pers.
1363 1478 1399 1506 v.
1442 1469 1517 1507 174

239 1526 286 1570 εὖ
313 1527 403 1571 τόδ’
430 1531 536 1578 ἴσθι,
566 1530 643 1582 γῆς
671 1526 833 1569 ’ἄνασσα
860 1528 997 1580 winde,
1026 1525 1089 1581 μκή
1119 1544 1164 1569 σε
1192 1529 1255 1575 δὶς
1282 1526 1435 1582 φράσαι

209 1595 215 1599 ’
239 1579 339 1637 μήτ’
366 1583 467 1629 ἔπος
491 1579 588 1636 μήτ’
613 1579 745 1635 ἔργον,
773 1576 830 1621 ὧν
858 1578 912 1622 ἂν
948 1578 1128 1635 δύναμις
1154 1580 1351 1636 ἡγεῖσθαι
1380 1585 1516 1639 θέλῃ,

238 1659 430 1709 siquidem
468 1659 587 1712 etiam
631 1658 704 1708 hoc
730 1658 814 1697 loco
843 1652 899 1698 ὧν
938 1658 1141 1706 genetivus
1175 1660 1412 1708 pronominis
1448 1660 1518 1700 rel.

240 1714 395 1756 numeri
421 1713 596 1763 pluralis,
624 1711 674 1755 ab
702 1708 898 1766 ἡγεῖσθαι
933 1711 1055 1766 ‘verbo
1092 1723 1314 1762 suspensus,
1348 1714 1519 1754 referen-

239 1767 312 1807 dus
357 1771 417 1807 est
462 1768 514 1807 ad
559 1766 715 1806 nomina
758 1763 858 1809 ἔπος
895 1768 936 1805 et
974 1766 1098 1818 &prou
1132 1766 1326 1817 singulari
1358 1778 1517 1807 numero

238 1822 376 1870 posita.
435 1821 512 1868 Sed
540 1820 712 1870 suppetit
737 1818 864 1860 altera
889 1819 1046 1871 ,quoque
1061 1818 1123 1860 'ab
1151 1818 1342 1861 hac-non
1355 1822 1519 1861 multum

238 1875 618 1927 diversaexplicatio
636 1874 745 1923 haec,
772 1876 820 1912 ut
844 1875 927 1924 τῶν
951 1884 1025 1924 pro
1052 1876 1231 1923 genetivo
1249 1877 1403 1925 generis
1418 1888 1517 1917 mas-

237 1930 356 1970 culini
383 1930 571 1970 habentes
598 1929 700 1976 hunc
727 1938 883 1969 sensum
911 1930 1012 1969 esse
1033 1928 1227 1970 dicamus-x
1249 1944 1432 1982 praesens
1463 1936 1519 1971 est

232 1987 450 2035 βάψομαι
489 1986 636 2031 dictum
672 1996 798 2022 eorum
834 1996 991 2035 quorum
1026 1984 1190 2035 aliquod
1222 1984 1412 2022 maturare
1437 1988 1518 2035 fert

237 2040 319 2089 qius
344 2037 532 2076 voluntas.
578 2036 758 2089 ‘Quarum
794 2035 990 2090 rationum
1025 2036 1221 2086 optionem
1258 2037 1307 2076 do
1350 2037 1518 2087 eligendi

236 2091 326 2130 utra
353 2090 405 2130 sit
429 2091 714 2142 praestantior:
742 2089 840 2131 illud
868 2090 1028 2130 evicisse
1056 2091 1152 2130 satis
1180 2090 1304 2130 habeo
1332 2091 1403 2132 hoc
1432 2092 1516 2132 loco

238 2146 519 2185 attractionem<
540 2156 623 2185 esse
652 2144 812 2185 nullams
845 2143 946 2184 Nam
980 2144 1112 2184 Bothii
1141 2146 1296 2198 quidem
1324 2147 1516 2197 conjectu-

234 2209 323 2238 ram
348 2198 650 2242 infelicissimam
861 2217 864 2221 ·

453 2264 631 2305 σπεῦσαί
657 2279 699 2305 τι
726 2262 812 2304 τῶν
839 2263 1163 2332 δολοφρονεῖ
1184 2259 1296 2317 φρήν

234 2328 299 2369 vix
326 2331 387 2371 est
414 2329 516 2384 quod
543 2339 869 2382 commemorem..
901 2328 1133 2371 Damnanda
1152 2340 1199 2369 ea
1216 2333 1373 2369 estnon
1391 2331 1515 2370 solum

234 2385 446 2434 propterea
472 2384 579 2434 quod
605 2383 874 2437 δολοφρονεῖν
900 2384 1064 2427 verbum
1096 2384 1213 2435 plane
1251 2396 1403 2434 novum,
1445 2387 1514 2428 sed

235 2438 410 2478 etiama
433 2449 549 2478 sensu
574 2438 693 2489 huJus
715 2438 790 2479 lo'ci
816 2437 1094 2480 alienissimum
1121 2441 1193 2479 est.
1390 2451 1393 2454 ·
1475 2483 1478 2486 ,
