1759 2840
900 96 951 132 48

395 210 484 249 Jam
500 208 519 249 f
523 220 698 249 ormam
719 210 855 250 verbi
873 222 948 260 quo
968 206 1183 251 enuntiatio
1203 210 1274 249 rel.
1287 212 1458 265 attracta
1477 222 1565 250 con-

286 265 435 304 tinetur
462 264 496 303 si
523 266 754 312 spectamus,
798 276 1011 314 pronomen
1037 265 1107 305 rel.
1136 275 1334 313 nunquam
1361 276 1385 303 a
1413 258 1570 314 conjun-

288 319 401 366 ctivo,
431 329 627 370 nuuquam
656 317 706 357 ab
736 319 918 368 optativo,
953 329 1152 371 nunquam
1191 317 1241 357 ab
1277 317 1467 358 infinitivo
1503 321 1572 358 aut

280 373 494 422 participio
523 383 611 411 cum
638 372 757 412 verbo
794 373 976 412 auxiliari
1018 375 1165 413 structo
1201 373 1307 422 apud
1339 372 1572 434 Aeschylum

287 426 444 477 pendet,
483 429 528 465 ut
550 426 726 491 aliquot
731 426 824 467 locis
852 427 1059 477 Sophoclis
1115 426 1228 479 (Oed.
1256 427 1302 466 R.
1342 429 1418 467 862
1449 422 1573 467 οὐδὲν

285 495 367 534 γαρ
392 494 446 520 αν
474 476 672 532 πράξαιμ’
700 495 753 520 αν
772 477 829 521 ὧν
857 479 908 520 οὔ
925 497 988 521 σοι
1018 481 1152 533 φίλον.
1185 480 1284 520 Phil.
1317 483 1418 519 1227
1445 479 1571 531 ἔπρα-

288 538 357 579 ξας
418 534 539 586 εργον
576 540 701 573 ποῖον
756 549 813 574 ων
840 531 891 574 οὔ
949 550 1012 575 σοι
1059 529 1280 600 πρέπονς)
1295 534 1339 573 et
1371 533 1569 582 Euripidis

288 587 427 641 (Andr.
468 589 567 627 1001
608 585 725 633 δείξει
768 595 912 641 γαμεῖν
956 602 1037 640 σφε
1076 586 1218 640 μηδὲν
1252 582 1308 627 ὥν
1343 589 1467 641 ἐχρῆν
1495 584 1572 638 ἐμέ.

287 637 375 682 Jon.
405 645 495 682 432.
552 642 619 681 Or.
659 644 748 683 259.
786 642 983 682 Temenid.
1020 643 1072 682 fr
1100 641 1220 693 735),
1257 642 1325 681 sed
1355 643 1574 682 continetur

288 697 503 736 enuntiatio
514 696 584 735 rel.
596 699 766 736 attracta
782 697 1048 737 indicativo
1067 697 1251 746 temporis
1270 698 1487 746 praesentis
1506 700 1575 736 aut

287 751 504 801 praeteriti.
541 749 673 790 Verba
712 754 843 791 autem
879 751 1156 791 enuntiationis
1191 751 1261 790 rel.
1298 763 1420 803 aeque
1457 753 1573 803 atque

288 807 394 856 apud
423 805 651 855 Sophoclem
678 809 718 845 et
745 806 971 855 Euripidem
1006 806 1131 845 solent
1158 816 1242 844 esse
1271 804 1392 845 verba
1425 806 1574 845 sciendi

289 864 329 900 et
353 861 519 904 habendi
544 870 631 898 cum
650 858 834 899 factitivis
861 863 901 899 et
921 859 1200 900 desiderativis'
1221 861 1394 906 dicendi,
1421 858 1576 899 oranda}

289 914 428 952 dandi.
479 911 656 952 Alienam
673 909 676 913 ’
694 925 778 953 esse
821 914 1093 954 attractionem
1138 912 1187 951 ab
1236 911 1445 951 enuntiatis
1488 909 1572 949 rell.

290 977 389 1020 quae
425 965 555 1006 verbis
591 968 749 1006 delendi
784 970 825 1008 et
861 969 1121 1019 interficiendi
1165 966 1410 1007 continentur
1455 975 1575 1013 supra

307 1033 343 1070 p.
374 1020 455 1070 41.)
486 1020 610 1060 docui.

290 1023 305 1072 (
397 1074 573 1127 Denique
612 1074 730 1113 etiam
766 1075 806 1114 in
846 1076 919 1115 hac
956 1086 999 1114 re
1043 1074 1258 1125 Aeschylus
1303 1070 1575 1113 attractionem

288 1128 571 1178 angustissimis
609 1120 750 1168 finibus
792 1130 1104 1178 circumscripsit,
1144 1133 1189 1168 ut
1222 1131 1380 1178 praeter
1414 1125 1575 1167 verbum

292 1195 366 1236 quo
396 1183 611 1222 enuntiatio
639 1183 710 1222 rel.
739 1186 910 1224 attracta
938 1184 1159 1223 continetur
1187 1183 1283 1222 nihil
1310 1181 1476 1221 adderet
1503 1180 1577 1218 nisi

292 1241 362 1277 aut
389 1236 606 1287 subjectum
633 1240 702 1276 aut
729 1238 923 1288 objectum
952 1238 1104 1277 nomine
1136 1237 1379 1277 substantivo
1408 1237 1476 1275 aut
1490 1245 1578 1283 pro-
1595 1270 1597 1272 ,

290 1292 443 1330 nomine
458 1292 789 1358 comprehensum,
806 1296 851 1330 ut
872 1307 980 1353 προς
1006 1288 1236 1357 αρίστοισιν
1260 1305 1316 1330 ων
1339 1288 1422 1342 ἔχει
1442 1287 1577 1334 πόλις,

293 1342 416 1385 οὐδὲν
445 1340 502 1385 ὧν
530 1341 689 1409 χρῄζει
704 1342 858 1398 πατήρ,
897 1340 1021 1386 οὐδὲν
1050 1338 1106 1384 ὧν
1134 1338 1364 1396 οἷνιστορεῖς
1393 1337 1480 1395 ἐμὲ,
1512 1340 1577 1380 δι-

293 1399 418 1440 καίων
448 1393 503 1439 ὧν
533 1395 780 1451 ἐπραξάμην
808 1396 945 1440 πόλιν.
1008 1399 1095 1439 Uno
1131 1399 1222 1439 loco
1249 1400 1409 1449 praeter
1451 1395 1578 1446 subJe-

292 1457 397 1493 ctum
435 1453 555 1492 verbo
602 1453 778 1493 additum
828 1457 889 1493 est
924 1454 1153 1493 adverbium
1189 1453 1282 1492 Cho.
1320 1456 1393 1492 741
1436 1447 1580 1502 cpn'myc

291 1504 362 1559 1qu
390 1502 440 1557 ἧς
467 1505 663 1560 ἤγγειλαν
692 1510 729 1546 οἱ
759 1504 868 1553 ξένοι
896 1509 1039 1558 τορῶς.
1073 1507 1254 1546 Nondum
1282 1505 1446 1545 invaluit
1474 1503 1578 1553 apud

291 1560 525 1611 Aeschylum
552 1561 734 1603 attractio
763 1560 802 1600 in
830 1561 1020 1624 ejusmodi
1049 1560 1390 1608 enuntiationibus,
1420 1570 1519 1611 quae
1540 1559 1580 1598 et

291 1616 506 1665 subJectum
535 1619 576 1655 et
603 1616 795 1665 objectum
823 1617 977 1657 nomine
1006 1616 1323 1679 comprehensum
1350 1613 1506 1661 habent,
1535 1614 1579 1651 ut

292 1671 431 1710 Trach.
469 1677 504 1709 v.
545 1673 622 1710 680
658 1666 731 1724 (ὧν
773 1667 796 1709 o‘
825 1667 913 1722 θήρ
960 1686 1014 1722 με
1043 1666 1359 1721 προῦδιὸαξατο,
1409 1668 1576 1718 παρῆκα

291 1727 468 1777 θεσμῶν
496 1721 660 1774 οὐδέν.»
697 1725 867 1764 nondum
903 1726 942 1764 in
970 1725 1017 1764 iis
1054 1736 1153 1789 quae
1182 1725 1355 1764 dativum
1391 1721 1579 1763 commodi

291 1780 502 1826 continent,
529 1781 575 1817 ut
601 1779 693 1818 Eur.
714 1779 801 1818 Jon.
828 1783 929 1819 1469
961 1781 1036 1830 τῆς
1064 1777 1220 1830 ἠδονης
1249 1774 1363 1829 τῆςδ’
1388 1773 1438 1829 ἧς
1465 1772 1580 1828 ἕδωχ

290 1831 315 1873 v‘
339 1848 394 1872 ιιν
424 1829 511 1885 ἐγω.

318 1850 333 1886 ¹¹
400 1888 507 1926 Haec
548 1886 668 1926 habui
715 1888 763 1926 de
810 1887 1055 1927 attractionis
1100 1898 1173 1926 usu
1220 1886 1433 1936 Aeschyleo
1482 1896 1581 1937 quae

291 1942 455 1982 dicenda
483 1941 756 1981 existimarem.
