1759 2840
243 260 298 311 τῆ
326 257 378 300 ‘ca'
398 254 648 311 καταμήνια
678 254 858 312 α’φιείση.
915 258 993 299 Sed
1020 259 1116 299 haec
1143 260 1273 299 omnia
1299 271 1375 300 non
1400 259 1523 300 sdlum

240 311 451 361 rarissima,
488 324 623 363 verum
639 313 767 352 etiam
794 316 886 353 ante
920 313 1065 355 annum
1094 313 1237 352 CCCC.
1265 315 1419 352 omnino
1447 325 1525 355 non

238 369 282 408 in
308 379 380 408 usu
408 344 577 415 fu'erunt,
606 378 839 417 quamquam
866 368 1140 416 grammaticos
1155 368 1396 417 Κιιιεςθιοθ)
1425 368 1522 407 duce
1542 386 1546 389 ·

240 416 372 471 vulgo
393 422 510 462 aliter
547 398 595 461 d’e
630 421 704 462 hac
730 433 774 461 re
801 424 975 462 statuere
1008 422 1115 462 haud
1141 422 1288 471 ignoro.
1346 422 1424 462 Sed
1450 422 1522 462 hoc

217 526 219 528 ,
241 475 337 515 nihil
364 476 415 516 ad
442 475 542 530 hanc
560 476 845 525 quaestionem,
873 475 1063 525 siquidem
1090 475 1165 515 loci
1186 476 1325 525 quibus
1353 476 1410 515 illi
1436 487 1521 515 sen-

241 531 405 571 tentiam
432 525 543 570 suam
570 529 822 585 comprobare
859 530 1106 580 studuerunt,
1139 538 1217 570 non·
1244 540 1291 570 ex
1318 530 1520 581 Aeschylo,

240 585 310 624 sed
337 596 358 623 e
388 584 574 633 Sophocle
601 584 763 632 aliisque
790 595 886 632 quos
913 584 979 622 ille
1007 586 1137 623 aetate
1150 585 1381 633 praecurrit,
1409 585 1522 633 petiti

240 640 343 678 sunt.
398 637 513 689 Apud
539 637 771 689 Aeschylum
798 637 961 678 invaluit
987 649 1106 677 unum
1134 640 1285 677 tantum
1316 637 1521 686 attractio·
1575 636 1578 639 “

240 695 300 733 nis
326 705 448 742 genus
474 694 557 741 hoc,
586 693 835 745 utquiesse
863 692 1032 733 debebat
1058 694 1301 733 accusativus
1327 693 1519 743 pronomi-

187 746 189 748 ’
241 748 300 786 nis
327 747 397 787 rel.
427 748 467 785 in
501 747 721 795 genetivum
755 749 993 792 mutaretur..
1040 747 1096 786 Ac
1124 758 1173 786 ne
1209 747 1324 796 hujus
1363 747 1519 799 quidem

240 813 332 841 usus
360 801 578 851 frequentia
606 803 696 840 sunt
723 800 900 850 exempla
936 800 1137 851 ejusmodi,
1165 801 1214 841 de
1242 799 1382 850 quibus
1410 800 1520 841 dubi-

242 856 337 894 tatio
375 856 562 894 exsistere
596 856 718 903 possit
752 855 880 894 nulla:
926 858 1061 894 contra
1105 855 1209 894 haud
1254 856 1416 903 exiguus
1459 859 1521 894 est

241 921 374 949 eorum
401 919 584 951 numerus
611 908 652 948 in
678 907 817 958 quibus
847 909 948 949 sitne
975 909 1158 952 attractio
1172 908 1380 949 statuenda
1401 919 1520 949 necne

240 976 262 1003 e
290 964 483 1014 scriptura
510 966 596 1003 aut·
606 964 861 1013 explicatione
889 964 1046 1013 pendet.
1101 964 1382 1013 Nonnunquam
1417 964 1520 1004 enim

239 1019 313 1058 viri
342 1018 444 1058 docti
481 1018 583 1058 locos
619 1021 818 1067 tamquam
854 1018 1105 1058 attractionis
1133 1019 1353 1058 testimonia
1385 1021 1519 1068 protu-

238 1067 380 1122 lerunt,
409 1073 449 1112 in
477 1071 623 1123 quibus
643 1072 845 1122 genetivus
871 1068 1109 1135 pronominis
1137 1072 1207 1113 rel.
1245 1075 1314 1113 aut
1340 1084 1408 1113 suo
1436 1073 1519 1113 loco

238 1128 386 1176 positus
414 1130 473 1166 est
500 1130 570 1166 aut
596 1130 702 1166 recte
725 1138 767 1166 se
795 1139 872 1166 non
899 1126 1028 1175 habet,
1057 1128 1138 1166 sive
1172 1127 1420 1167 librariorum
1457 1139 1518 1168 er-

238 1192 328 1221 rore
356 1181 436 1220 sive
463 1180 723 1220 recentiorum
750 1176 973 1230 conjectura
1000 1181 1041 1220 in
1055 1183 1204 1220 textum
1218 1176 1387 1233 irrepsit.
1417 1181 1519 1229 Quid

239 1236 376 1284 loquar
405 1235 453 1274 de
480 1234 662 1284 Elmslejo
680 1237 732 1273 et
758 1235 1010 1275 Hermanno?
1047 1235 1113 1284 qui
1147 1235 1219 1275 hoc
1247 1230 1310 1275 vel
1338 1234 1406 1275 illo
1434 1235 1518 1275 loco

238 1290 499 1339 conjecturam
513 1288 700 1337 fecerunt,
716 1300 792 1338 qua
800 1289 968 1339 probata
982 1289 1164 1329 attractio
1181 1292 1284 1329 esset
1297 1289 1517 1338 statuenda,

235 1354 373 1394 pamm
386 1335 641 1406 probabilem.
662 1343 921 1395 Brunckius⁴)
936 1343 1209 1384 attractionem
1222 1347 1267 1383 ut
1285 1343 1518 1393 elegantiam
1564 1382 1571 1389 ,

238 1398 424 1437 sermonis
445 1397 566 1437 Attici
593 1397 770 1437 omnibus
798 1398 1036 1446 tragicorum
1047 1398 1395 1450 Aristophanisque
1410 1398 1516 1446 locis,

238 1448 445 1491 dummodo
471 1463 542 1501 per
568 1455 735 1491 metrum
761 1452 909 1500 liceret,
936 1452 1164 1500 corrigendo
1198 1452 1406 1491 restituere
1442 1464 1517 1491 non

237 1506 440 1546 dubitavit.
498 1506 574 1545 Sed
611 1506 730 1545 etiam
758 1506 956 1545 Wellauer
966 1506 995 1556 ⁶)
1033 1506 1293 1555 compluribus
1328 1506 1421 1546 locis
1458 1509 1516 1545 at-

236 1560 465 1600 tractionem
494 1559 793 1609 deprehendisse
820 1559 893 1600 sibi
917 1561 1021 1599 visus
1051 1563 1121 1608 est,
1158 1560 1297 1609 quibus
1324 1571 1371 1600 ea
1399 1571 1516 1609 agno-

235 1614 378 1654 scenda
405 1625 481 1653 non
508 1617 577 1653 est.
598 1614 654 1653 Ac
680 1625 729 1652 ne
743 1614 972 1663 Krausius⁶)
1002 1614 1158 1663 quidem
1184 1614 1252 1663 qui
1279 1614 1515 1663 singularem

236 1668 284 1706 de
312 1668 555 1707 attractionis
583 1668 686 1717 apud
720 1668 889 1716 tragicos
926 1680 999 1707 usu
1034 1668 1299 1717 quaestionem
1334 1668 1515 1716 instituit,

235 1721 358 1761 officio
387 1733 455 1760 suo
483 1722 586 1760 omni
614 1722 789 1770 exparte
802 1722 1003 1769 satisfecit,
1031 1722 1177 1771 quippe
1192 1722 1258 1774 qui
1285 1733 1362 1761 non
1390 1723 1514 1761 solum

233 1787 365 1816 omnes
392 1775 475 1816 fere
503 1776 605 1816 locos
633 1775 785 1816 silentio
813 1775 1123 1826 praetermiserit
1154 1774 1292 1825 quibus
1329 1776 1512 1816 attractio
1544 1783 1546 1785 ’

234 1834 303 1869 aut
329 1830 435 1869 nulla
462 1833 533 1869 aut
560 1829 677 1869 dubia
705 1833 776 1878 est,
805 1830 874 1869 sed
901 1830 1103 1869 nonnullos
1131 1831 1249 1869 etiam
1287 1830 1513 1879 neglexerit,

233 1884 287 1938 in,
300 1883 439 1933 quibus
467 1895 514 1923 ea
551 1895 628 1925 non
663 1884 784 1934 statui
818 1895 895 1935 non
930 1887 1070 1933 potest.
1132 1884 1195 1932 At,
1224 1884 1353 1932 credo,
1380 1887 1426 1923 ut
1452 1884 1514 1922 lex

233 1939 310 1986 qua
345 1938 558 1988 Aeschylus
583 1938 836 1978 'attractionis
872 1950 985 1978 usum
1022 1938 1277 1978 adstrinxerit
1312 1941 1418 1978 certo
1457 1938 1525 1988 in-‚

233 1992 423 2039 veniatur,
452 1995 543 2032 ante
571 1992 698 2031 omnia
725 1992 1002 2041 requirendum
1030 1995 1101 2040 est,
1128 1995 1174 2031 ut
1200 1992 1376 2042 exempla
1403 1991 1517 2032 finna

232 2049 493 2096 congerantur
520 2046 659 2095 omnia,
690 2045 830 2086 deinde
857 2049 902 2086 ut
928 2045 977 2086 ab
1006 2045 1066 2098 his
1095 2057 1231 2086 norma
1254 2048 1428 2096 petatur,
1464 2046 1515 2085 ad

232 2112 348 2150 quam
376 2101 623 2151 dirigendum
650 2103 711 2141 est
733 2099 921 2151 Judicium
951 2101 999 2141 de
1014 2101 1074 2141 ‘iis
1101 2100 1194 2141 locis
1222 2101 1262 2141 in
1289 2101 1428 2151 quibus
1456 2103 1514 2141 at-

232 2156 435 2195 tractionis
463 2158 524 2195 est
549 2155 824 2207 controversia,
862 2156 1027 2204 denique
1060 2158 1107 2194 -ut
1142 2156 1243 2195 ratio
1271 2156 1515 2195 attractionis

317 2275 347 2360 :3
369 2274 617 2360 Οὲςαιῗὲιζιιιτ
629 2285 726 2359 ,Εἶεν
727 2275 896 2352 ,2419738ἒά
920 2317 1084 2360 Aristoph.
1107 2317 1237 2352 Theam.
1260 2329 1289 2352 v.
1311 2317 1385 2351 835.
1411 2317 1512 2360 Vesp.

230 2361 304 2395 90⁷.
327 2360 369 2393 ad
391 2329 671 2404 801⁴>h,1‹:1.636J

316 2403 342 2446 ⁸)
384 2403 447 2439 lex
464 2404 621 2448 Aeachyl.
644 2404 708 2440 vol.
731 2403 771 2440 11.
792 2389 826 2449 p.
853 2405 911 2440 111
939 2415 966 2441 s.
990 2415 1018 2437 v.
1042 2400 1086 2439 ὃς
1126 2407 1128 2409 ’

318 2448 345 2490 ⁰)
388 2448 647 2481 Isid.K1-ausius
670 2448 710 2483 de
739 2450 873 2482 duorum
906 2447 1105 2502 attractionis
1138 2457 1292 2491 generum
1313 2458 1374 2480 usu
1407 2447 1494 2490 apud

228 2490 385 2535 tragicos.
408 2490 624 2525 Vratislaviae
648 2491 740 2526 1863.
