1759 2840
851 129 903 166 30

231 242 488 297 strinxerunt,
517 244 759 284 adversetur.
817 244 979 290 Formas
1007 244 1110 284 enim
1144 244 1254 285 verbi
1289 245 1525 295 substantivi

232 297 339 339 εἶναι
378 298 412 338 si
448 299 630 349 excipias,
667 310 754 339 cum
788 309 882 339 voce
907 299 1167 340 'antecedenti
1193 310 1265 349 per
1292 300 1421 341 crasin
1447 311 1525 341 non

231 352 335 392 coire
363 352 438 392 nisi
472 352 629 392 voculas
659 349 751 404 ἄρα,
781 349 856 399 ἄν,
880 349 944 402 ου’,
973 349 1108 407 ἐγώ34)
1137 353 1269 395 (1061111
1295 354 1522 396 Α11161181118.

342 406 503 446 Ε11118161
530 410 662 446 autem
691 406 914 456 conjectura
950 403 1171 459 μασσόνως
1206 405 1237 458 ἧ
1271 402 1349 459 ’μοι
1383 404 1523 461 γλυκύ,

238 471 355 512 quam
382 462 466 510 ipse
495 460 563 513 (ad
590 457 685 500 Eur.
705 460 862 501 Heracl.
877 473 912 501 v.
943 460 1038 511 544)
1066 461 1143 500 non
1169 462 1301 510 magni
1328 472 1370 503 se
1395 462 1525 502 facere

239 515 438 554 confessus
468 518 539 563 est,
569 515 687 563 digna
715 516 799 554 visa
826 518 887 554 est
898 515 1135 563 Hermanno,
1165 526 1281 568 quam
1308 514 1349 556 in
1376 516 1527 556 textum

237 569 442 618 reciperet,
472 572 517 608 ut
544 579 616 618 ego
641 579 791 616 cense0,
820 569 975 618 injuria.
1023 568 1124 608 Nam
1150 569 1276 609 forma
1298 566 1525 620 μασσόνως,

238 623 414 675 quamvis
443 623 599 672 linguae
628 622 781 673 legibus
809 634 885 662 non
914 623 1155 671 obluctetur,
1185 635 1375 676 nusquam
1403 626 1522 671 extat,

236 677 416 729 quodque
444 677 570 726 majus
599 680 670 725 est,
705 688 830 728 neque
858 677 964 726 apud
989 677 1225 731 Aeschylum
1262 689 1387 729 neque
1421 677 1526 727 apud

235 741 301 772 eos
317 731 540 779 scriptores,
570 731 636 781 qui
663 731 773 769 illum
791 733 931 770 'aetate
958 734 1276 779 praecurrerunt,
1305 731 1525 782 exemplum

233 784 328 823 mihi
356 784 526 823 innotuit
553 785 808 833 comparativi
835 783 1012 824 adverbii
1038 784 1079 823 in
1109 799 1161 827 ως
1197 784 1388 835 syllabam
1425 785 1525 825 desi-

234 839 373 877 nentis.
443 838 500 878 Ac
536 850 585 889 ne
623 839 728 887 apud
758 838 984 888 Sophoclem
1022 838 1177 890 quidem
1204 840 1293 889 plus
1320 850 1440 878 unum
1466 836 1526 879 id-

235 904 309 944 que
338 892 387 931 ab
417 892 489 932 hoc
518 892 603 932 loco
630 892 973 933 valdessdiversum
1000 892 1219 942 exemplum
1253 895 1313 932 est
1348 888 1526 945 μειόνως

235 946 331 1001 Qed.
349 946 431 986 Col.
457 959 493 986 v.
527 950 603 995 10⁴4
632 948 682 995 (εἰ
705 942 762 998 μή
792 945 898 987 δοκῶ
924 962 965 986 τι
995 943 1173 998 μειόνως
1201 946 1399 1001 ἔχειν)”).
1447 946 1524 988 Sed

233 1002 305 1040 hoc
333 1002 462 1050 ipsum
490 1002 727 1040 concedatur
754 1001 946 1050 Aeschylo
975 1001 1128 1040 licuisse
1156 1001 1346 1050 ejusmodi
1374 1012 1526 1051 compa-

233 1055 361 1094 rativo
390 1055 470 1094 uti:
513 1058 618 1094 certe
647 1054 697 1094 ab
726 1054 799 1094 hoc
827 1054 910 1094 loco
939 1054 1088 1093 alienus
1112 1055 1347 1104 judicandus
1375 1058 1453 1103 est,
1493 1056 1526 1095 si

231 1112 338 1148 recte
367 1120 408 1148 se
437 1108 574 1158 habet,
611 1112 656 1148 ut
683 1109 861 1155 videtur,
902 1109 1004 1161 quod
1032 1109 1233 1157 praecepit
1260 1109 1549 1149 Buttmannus·

231 1174 290 1211 gr.
320 1174 378 1211 gr.
410 1163 431 1214 ξ
465 1166 559 1211 115,
601 1166 645 1203 5:
707 1163 869 1211 „Dutch
896 1163 1145 1211 Anhangung
1173 1163 1245 1202 der
1272 1163 1443 1212 Endung
1472 1178 1524 1208 ως

231 1229 282 1256 an
312 1217 374 1256 die
404 1216 810 1263 Gradusformendes
838 1216 1043 1266 Adjektivs
1080 1217 1238 1255 werden
1276 1217 1339 1255 die
1368 1216 1526 1256 Gradus

233 1271 302 1310 des
329 1270 509 1310 Adverbs
548 1270 695 1311 seltner
729 1270 810 1309 und
847 1269 1059 1309 besonders
1096 1281 1171 1309 nur
1208 1267 1313 1310 dann
1340 1270 1524 1320 gebildet‚

231 1336 344 1365 wenn
383 1325 454 1364 der
481 1324 634 1375 Begriff
668 1325 739 1365 der
766 1325 842 1364 Art
877 1325 958 1364 und
987 1324 1117 1364 Weise
1156 1325 1333 1374 gehoben
1369 1325 1527 1365 werden

171 1400 191 1413 --
231 1380 323 1428 soll,
360 1392 395 1418 z.
424 1380 470 1418 B.
500 1375 724 1423 καλλιόνως
753 1379 823 1418 auf
848 1380 938 1418 eine'
963 1379 1151 1418 schonere
1180 1379 1345 1418 Weise.“
1423 1379 1525 1418 Nam

230 1434 303 1474 hoc
332 1434 416 1473 loco
445 1444 523 1473 non
550 1436 632 1473 tam
661 1433 710 1472 de
737 1434 890 1473 ratione
919 1444 996 1486 qua
1024 1444 1159 1472 curam
1193 1433 1367 1482 institui,
1410 1445 1526 1486 quam

233 1488 281 1528 de
309 1488 424 1526 modo
453 1499 712 1540 mensuraque
742 1499 859 1539 quam
886 1489 923 1527 ei
950 1487 1043 1536 poni
1069 1487 1155 1526 vult
1181 1487 1242 1535 Jo,
1272 1488 1414 1536 agitur.

339 1541 421 1581 Nec
449 1553 542 1581 vero
570 1541 631 1580 his
657 1541 890 1591 conjecturis
919 1541 1094 1580 feliciora
1121 1540 1283 1580 fuerunt
1310 1552 1445 1580 eorum
1463 1552 1525 1581 co-

232 1596 390 1635 namina
419 1596 486 1647 qui
514 1591 567 1639 αἷς
593 1595 827 1644 particulam
855 1595 965 1634 libris
993 1595 1183 1633 traditam
1218 1595 1274 1633 ita
1313 1595 1524 1634 defendere

232 1650 490 1697 studuerunt,
529 1652 574 1687 ut
601 1649 704 1688 idem
732 1653 851 1701 atque
880 1648 945 1687 ὅτι
975 1659 1062 1687 eam
1089 1648 1310 1697 significare
1339 1649 1525 1689 dicerent.

230 1704 288 1743 Ac
314 1704 484 1753 primum
514 1703 670 1755 quidem
699 1702 945 1753 explodenda
973 1706 1034 1742 est
1069 1703 1263 1743 sententia
1300 1702 1526 1742 scholiasta-

233 1770 321 1798 rum
358 1757 411 1797 ad
448 1757 570 1798 verba
606 1753 659 1802 ὥς
690 1760 791 1811 ,ἐμοὶ
828 1753 955 1811 γλυκύ
991 1756 1224 1797 infinitivum
1261 1752 1431 1797 α’κούειν
1465 1757 1528 1797 vel

233 1813 363 1851 τοῦτο
394 1816 556 1862 ,ιιαθεῖν
571 1812 829 1860 supplendum
846 1822 933 1851 esse
951 1812 1219 1851 statuentium.
1265 1811 1327 1850 An
1345 1814 1390 1850 tu
1408 1812 1526 1852 licere

232 1868 349 1915 putas
379 1865 621 1905 extrinsecus
649 1876 848 1905 arcessere
877 1864 1129 1913 infinitivum,
1176 1865 1286 1915 cujus
1323 1876 1449 1917 neque
1487 1865 1537 1904 in·

224 1919 556 1966 ⁸antecedentibus
586 1932 726 1972 neque,
741 1921 781 1960 in
801 1919 1053 1972 sequentibus
1073 1919 1196 1959 ullum
1214 1920 1266 1959 sit
1294 1920 1528 1969 vestigium?

220 1972 336 2022 'Quid
365 1985 458 2012 vero
487 1984 584 2022 opus
613 1978 691 2022 est,
732 1975 857 2022 dices,
877 1974 947 2012 vad
986 1974 1086 2013 hanc
1122 1974 1338 2013 inauditam
1374 1974 1529 2023 ellipsin

318 2136 362 2178 ³⁴)
386 2134 439 2170 Cf.
463 2135 549 2167 Ahr
562 2145 633 2167 6118
656 2134 697 2167 de
720 2134 803 2166 crasi
837 2138 870 2167 et
891 2134 1081 2178 aphaeresi,
1105 2134 1300 2178 Stolbergae
1328 2134 1529 2178 Hercynicae

237 2180 330 2219 1845,
362 2190 393 2222 p.
419 2180 449 2214 5.
486 2178 619 2211 Sorof
639 2178 679 2211 de
702 2189 741 2211 au
767 2183 876 2211 mento
899 2178 932 2211 in
953 2178 1105 2211 trimetris
1126 2178 1259 2222 tragicis
1282 2177 1411 2221 abjecto
1431 2189 1528 2222 prae-

232 2223 332 2254 missa
354 2223 394 2255 de
418 2223 513 2261 erasi,
537 2222 684 2258 elisione.
708 2233 749 2264 ap
774 2222 878 2254 aex-esi
902 2222 1104 2264 quaestione,
1128 2221 1306 2256 Vratislav.
1331 2222 1424 2256 1851.

321 2265 364 2306 ¹⁵)
388 2265 467 2298 Tria
490 2265 641 2307 exempla
661 2270 739 2297 sunt
760 2264 848 2308 apud
872 2264 1067 2307 Euripidem,
1090 2265 1123 2297 in
1169 2276 1230 2297 uae
1253 2264 1438 2297 Buttmanni
1461 2266 1481 2300 1.
1506 2266 1528 2300 l.

236 2313 445 2353 praeceptum
468 2308 612 2353 egregie.
623 2308 776 2351 quadrat:
821 2307 952 2344 Heracl.
975 2308 1038 2342 543
1061 2306 1131 2343 ἀλλ’
1194 2307 1308 2353 γένοιτ’
1328 2307 1370 2342 ἃν
1391 2309 1527 2343 ἐνδικω-

234 2358 341 2396 τέρως,
364 2352 487 2396 φράσω.
533 2352 603 2395 1Ρ11.
625 2354 699 2387 Α111.
729 2352 793 2386 379
820 2352 982 2396 βούλομαί
1007 2351 1035 2386 ‹1’
1062 2351 1166 2386 εἰπεῖν
1192 2350 1297 2387 κακῶς
1318 2350 1360 2386 αὖ
1382 2370 1426 2377 -
1447 2352 1529 2386 duci

232 2400 494 2440 σωφρονεστέρως
533 2396 576 2430 οἷς
618 2395 759 2438 (ἰδελφὸν
783 2396 872 2431 ὄντα.
907 2395 1033 2430 Hecub‚
1072 2395 1149 2428 1121
1187 2394 1246 2429 ουἰι
1268 2394 1414 2434 οἷπώλεσ’,
1446 2394 1527 2429 duni

239 2439 403 2480 μειζόνως.
447 2438 657 2482 Reliquorum
680 2438 873 2482 scriptorum
895 2439 988 2471 10608
1011 2438 1143 2482 collegit
1164 2438 1315 2483 Krueger
1337 2438 1380 2472 ad
1401 2438 1479 2473 Her.
1502 2439 1527 2479 1,

237 2483 309 2523 122,
333 2484 352 2516 2
376 2490 408 2515 et
431 2483 473 2515 ad
495 2483 596 2517 Thuc.
620 2483 646 2523 l,
673 2482 743 2522 130,
767 2485 798 2518 2.
