1759 2840
217 2258 239 2277 ὓ

748 136 942 197 1's

262 264 416 313 jectura
454 274 578 325 neque
603 264 777 326 eleganti
804 276 933 317 neque
964 263 1161 314 probabili
1195 259 1362 305 ὀλοίατο
1394 255 1557 305 tertiam

266 329 472 367 personam
511 318 552 356 in
588 313 819 369 ὀλοίμεθα·
834 320 1003 368 primam
1038 321 1192 360 mutare
1230 321 1389 359 coactus
1424 322 1491 359 est
1518 320 1558 359 in

264 382 380 411 versu
408 371 589 421 sequenti

463 421 492 477 ἦ
520 423 601 465 τᾶν
630 421 838 471 πανώλεις
866 420 1085 479 παγκάκως
1122 422 1157 466 τ’
1185 421 1364 467 ὀλοίατο.

374 480 455 519 Nec
492 491 585 519 vero
623 481 747 528 magis
789 480 1005 521 audiendus
1046 484 1106 521 est
1145 480 1382 530 Dindorfius‚
1407 475 1490 530 qui
1517 481 1559 521 in

267 534 436 573 editione
478 537 620 583 quarta
658 534 851 583 Lipsiensi
900 546 977 573 non
1021 535 1144 575 solum
1179 538 1268 584 post
1294 545 1450 575 versum
1479 538 1555 574 545

267 589 400 627 decem
428 600 563 627 versus
604 588 792 628 excidisse
830 589 1058 656 suspicatus
1083 593 1161 637 est,
1198 589 1267 628 sed
1304 590 1422 629 etiam
1460 589 1556 628 duos

266 653 402 681 versus
411 642 523 681 libris
537 642 704 681 traditos
716 644 751 681 εἰ
758 657 837 706 γαρ
851 639 1018 705 τύχοιεν
1029 657 1086 683 ων
1103 645 1304 706 φρονοῦσι
1320 643 1427 706 προς
1439 645 1554 683 θεῶν

554 708 558 712 ’
705 710 730 746 η
748 693 829 736 τᾶν
846 690 1064 739 πανοῖἶεις.
1078 692 1297 749 παγκάκως
1324 692 1362 735 τ’
1389 690 1555 736 ὀλοίατο

267 752 313 787 ιιι
340 750 493 798 spurios
522 749 836 790 exterminandos
866 761 950 788 esse
981 750 1140 789 censuit.
1196 750 1297 789 Nam
1334 747 1378 790 ιἰι
1405 749 1566 789 nullum*

266 802 318 841 ad
347 803 447 842 hanc
476 804 711 843 sententiam
739 803 1046 842 confirmandam
1074 808 1343 857 argumentum
1377 804 1552 853 protulit,

267 857 324 896 ita
351 857 393 895 hi
420 868 555 896 versus
594 858 691 896 nihil
719 856 877 905 habent,
916 857 1019 906 quod
1047 856 1098 896 ab
1135 851 1349 907 Aeschylea
1386 858 1554 899 dictione

267 911 490 950 abhorreat.
530 911 738 975 Eqmdem
757 923 845 950 cum
864 911 1087 959 Ritschelio‚
1118 912 1269 959 Weilio
1300 912 1449 952 Keckio
1464 914 1554 961 post

265 976 422 1005 versum
433 981 464 1004 ει
487 978 564 1018 γαρ
576 981 610 1006 κ.
614 981 650 1005 τ
654 966 687 1007 λ.
707 961 912 1005 nonnullos
927 977 1062 1005 versus
1080 966 1269 1005 excidisse
1286 966 1445 1005 conicio.
1475 965 1553 1005 Sed

267 1019 363 1060 haec
393 1019 472 1067 alia
500 1020 699 1068 quaestio:
740 1031 809 1059 nos
838 1020 888 1058 ad
918 1019 1158 1068 propositum
1196 1020 1400 1076 redeamus
1437 1023 1553 1068 atque

266 1074 449 1121 quoniam
479 1073 551 1112 loci
589 1073 791 1123 eiusmodi,
826 1074 865 1112 in
903 1072 1043 1121 quibus
1072 1074 1286 1113 enuntiatio
1322 1068 1392 1114 rel.
1429 1077 1553 1113 attra-

267 1131 331 1166 cta
358 1127 407 1166 ab
436 1127 625 1167 adverbio
645 1128 825 1176 pendeat,
858 1127 962 1176 apud
983 1127 1217 1177 Aeschylum
1248 1128 1400 1175 desunt,
1437 1127 1554 1167 finem

265 1180 453 1219 faciamus
482 1181 759 1229 disputationis
789 1180 837 1219 de
862 1181 1109 1219 attractionis
1128 1182 1315 1230 exemplis
1338 1182 1552 1221 institutae.

375 1235 559 1283 Sequitur
586 1234 708 1283 igitur
735 1234 1084 1285 genus-locorum,
1113 1235 1153 1272 in
1181 1234 1320 1283 quibus
1342 1234 1553 1283 Aeschylus

266 1289 541 1327 attractionem
570 1300 646 1327 non
675 1288 910 1327 adhibuisse
934 1288 1149 1327 censendus
1177 1292 1247 1327 est.

376 1460 432 1500 De
460 1460 798 1501 enuntiationibus
810 1394 1013 1500 οιζῗὲἷιέιξ
1041 1459 1084 1499 ιιι
1112 1458 1254 1509 quibus
1282 1469 1358 1499 non
1385 1460 1447 1499 est

812 1524 1019 1564 attractio.

374 1601 609 1650 Bipartitam
632 1599 731 1639 hanc
761 1600 1027 1648 quaestionem
1056 1600 1305 1639 instituamus
1323 1600 1390 1647 ita,
1409 1602 1455 1639 ut
1472 1599 1551 1648 pri—

267 1666 374 1708 mum
400 1655 450 1693 de
480 1655 527 1693 iis
554 1654 648 1693 locis
680 1654 855 1692 dicamus
882 1653 922 1691 in
950 1653 1090 1701 quibus
1119 1654 1321 1701 genetivus
1358 1654 1551 1702 pronomi-

270 1710 331 1748 nis
370 1709 446 1748 rel
488 1701 585 1748 falso
623 1718 694 1756 per
728 1708 1005 1747 attractionem
1034 1707 1254 1756 explicatur
1281 1710 1350 1747 'aut
1377 1711 1484 1747 recte
1511 1718 1552 1746 se

270 1774 347 1802 non
374 1763 506 1810 habet,
536 1762 675 1800 deinde
704 1773 770 1799 eos
799 1761 1059 1823 proferamus
1069 1762 1109 1800 in
1138 1762 1276 1810 quibus
1310 1762 1552 1801 accusativus

269 1811 507 1866 pronominis
544 1815 614 1854 rel.
642 1818 763 1855 extat.
820 1815 947 1864 Atque
976 1816 1015 1854 in
1044 1815 1186 1864 prioris
1215 1816 1371 1864 quidem
1398 1816 1553 1864 generis

265 1871 358 1910 locis
395 1870 670 1909 enumerandis
706 1870 809 1908 hunc
847 1870 1023 1908 ordinem
1061 1870 1171 1918 sequi
1218 1870 1342 1918 visum
1392 1872 1473 1917 est,
1510 1872 1554 1908 ut

266 1921 420 1963 initium
448 1923 666 1963 faceremus
694 1923 744 1962 ab
774 1923 834 1969 iis,
862 1923 904 1961 in
930 1922 1070 1971 quibus
1092 1923 1295 1971 genetivus
1316 1923 1553 1975 pronominis

266 1979 335 2018 rel.
364 1982 470 2018 recte
498 1977 655 2027 quidem
691 1989 733 2016 se
762 1976 912 2024 habet,
952 1976 1021 2016 sed
1060 1980 1137 2016 non
1173 1988 1244 2026 per
1281 1976 1554 2018 attractionem

266 2032 518 2094 explicandus
537 2035 620 2081 est4
656 2032 717 2069 his
749 2030 1051 2079 adjungeremus
1091 2042 1161 2069 eos
1194 2030 1333 2092 quibus
1369 2030 1551 2070 attractio

266 2098 290 2125 a
316 2086 411 2126 viris
440 2076 563 2126 doctis
600 2085 703 2124 male
742 2084 854 2123 illata
891 2087 962 2131 est,
991 2087 1192 2134 postremo
1219 2085 1259 2124 in
1284 2084 1553 2133 quaestionem

269 2151 496 2179 vocaremus
533 2151 620 2187 eos,
658 2150 824 2188 quorum
851 2139 1084 2187 scripturam
1122 2149 1192 2186 ego
1231 2139 1287 2177 ita
1328 2138 1555 2178 mutandam

268 2205 418 2243 censeo,
447 2196 492 2233 ut
519 2194 703 2233 attractio
733 2193 789 2231 sit
813 2192 934 2231 nulla.

925 2272 1203 2307 3..

266 2332 334 2373 De
353 2333 459 2373 locis
480 2334 520 2373 in
564 2332 704 2383 quibus
742 2269 960 2383 ςοιιοιιὲνιιε
985 2304 1227 2382 pronominis
1268 2330 1433 2371 relativi
1472 2341 1557 2381 per-

508 2409 644 2448 peram
671 2409 743 2448 per
773 2398 1055 2438 attractionem
1083 2395 1320 2447 explicatur

376 2475 432 2514 Ut
458 2487 483 2514 a
514 2474 597 2516 loco
626 2474 808 2529 exordiar
845 2474 911 2522 qui
925 2491 932 2496 ,
947 2477 1008 2513 est
1042 2473 1083 2511 in
1120 2473 1393 2513 vetustissima·
1421 2459 1555 2512 fabula
1632 2484 1637 2489 ·
