1759 2840
829 109 850 146 ⁷
864 100 867 103 .

201 221 346 263 accidit
358 222 407 263 ab
432 223 514 273 ipso
543 223 677 263 nuntio
704 223 1005 273 peregrinorum,
1024 223 1178 278 repetit,
1194 223 1250 263 ita
1262 234 1340 263 -vox
1358 218 1480 274 φήμη

200 275 307 316 haud
343 275 435 325 raro
472 278 577 328 apud
608 279 783 327 ,tragicos
820 278 947 320 nuntii
982 276 1304 327 significationem
1346 274 1476 317 hahet.

201 330 260 371 cf.
301 331 416 382 Soph4
454 332 524 372 El.
553 335 667 372 1155.
714 329 1136 394 Eur,Hippol.158,
1177 331 1477 372 Phoen.121.7.
1530 373 1532 375 .

188 386 393 431 -Attractio
408 389 562 435 autem,
590 386 632 426 id
652 374 762 436 quod
789 372 1060 435 gravissimum
1086 389 1158 436 est,
1190 386 1303 452 justa
1325 385 1477 426 ratione

200 450 277 480 non
303 443 424 490 caret,
453 441 635 491 quoniam
661 439 876 481 enuntiatio
903 440 974 480 rel.
994 440 1120 490 qualis
1147 415 1216 482 illa
1244 437 1367 493 φήμη
1393 439 1475 480 fue-

199 494 255 534 rit
282 494 505 535 describens
530 492 806 536 attributivam
815 493 1047 543 dignitatem
1059 494 1184 536 habet
1190 495 1341 545 pariter
1363 497 1479 544 atque

200 545 436 598 adjectivum
455 541 696 603 νεᾶγγελτος
710 541 952 590 substantivo
970 563 1095 612 φατις
1107 549 1286 589 additum
1305 547 1478 599 eJusdem

201 600 357 643 fabulae
385 615 420 643 v.
453 605 541 643 736.
705 630 709 634 -
750 631 753 633 >
982 599 1037 648 αἷς
1062 603 1320 669 σαφέστερον
1359 636 1363 640 .

328 672 474 751 ,αἴέρ
502 654 561 697 οἷπ
566 653 764 752 θανδρός
794 670 883 750 :2311
910 653 1157 711 νεάγγελτον
1191 653 1321 709 φάτιν

363 726 381 750 ε
444 724 501 751 ων
529 726 589 751 πυ
681 724 723 750 αι
750 725 803 759 τη
858 725 878 750 ε

200 768 240 804 et
267 764 501 830 adjectivum
538 725 754 819 εὖοῖγῑζλος
781 762 877 804 Eur.
906 765 1050 805 Phoen.
1079 777 1119 805 vx
1148 767 1248 805 1217
1282 767 1321 810 ἐξ
1355 779 1476 819 ευαγ-

199 819 321 871 νέλον
339 814 496 871 φήμης·

306 872 365 913 E'a
392 875 522 914 autem
549 872 688 924 quibus
715 873 777 914 hic
805 874 910 915 locus
929 874 1206 937 areliquorum
1222 872 1475 913 similitudine

199 915 361 976 recedit,
398 928 554 967 minime
582 931 705 968 tanta.
728 932 830 976 sunt,
865 931 911 967 ut
937 929 1076 969 iccirco
1103 927 1384 970 attractionem
1424 926 1474 966 ab

201 991 246 1020 eo
275 981 443 1021 alienam
465 982 694 1032 judicemus.
748 982 850 1023 Nam
885 983 960 1022 etsi
997 983 1167 1030 locorum
1205 982 1477 1032 plerorumque

199 1035 239 1073 in
266 1032 430 1084 quibus*
433 1036 646 1086 Aeschylus
673 1037 972 1086 praepositionis
999 1036 1276 1085 anastropham
1308 1035 1478 1083 admisit,

199 1089 295 1129 haec
323 1092 383 1129 est
410 1090 595 1139 condicio,
635 1093 699 1129 ut
707 1089 993 1130 substantivum
1018 1090 1112 1130 nihil
1147 1090 1292 1129 habeat
1325 1088 1478 1137 addita-

196 1144 392 1195 menti¹⁰)‚
424 1147 464 1184 et
491 1156 727 1194 quamquam
754 1156 803 1184 ne
831 1145 935 1195 apud
969 1145 1140 1195 reliquos
1167 1144 1324 1194 quidem
1357 1144 1479 1192 tragi-

199 1209 263 1237 cos
291 1198 508 1248 exemplum
528 1211 596 1239 me
625 1199 819 1248 reperisse
847 1198 1046 1248 confiteor,
1073 1199 1114 1238 in
1140 1210 1215 1248 quo
1243 1198 1479 1252 praepositio

199 1252 303 1292 inter
330 1251 621 1293 substantivum
648 1256 689 1293 et
715 1253 1020 1294 enuntiationem
1047 1253 1116 1294 rel.
1144 1253 1293 1293 inserta
1316 1247 1383 1301 sit,
1419 1255 1478 1292 ta-

198 1317 288 1345 men
314 1310 358 1346 ut
385 1307 445 1359 his
474 1307 761 1347 offensiunculis
803 1308 918 1347 nihil
939 1308 1112 1355 tribuam
1151 1308 1265 1347 facile
1306 1307 1479 1346 adducor

199 1352 449 1400 similitudine
479 1361 643 1402 duorum
670 1362 852 1410 locorum,
888 1361 962 1411 Ag.
991 1374 1026 1402 v.
1057 1365 1135 1401 475

559 1412 861 1522 ,Ἰὲἷιῗὲἶήῗέἴ
869 1413 1139 1510 gyrum,

558 1519 689 1578 βάξις.

198 1581 238 1618 et
267 1577 383 1628 Soph.
413 1578 508 1618 Oed.
539 1578 620 1619 Col.
646 1591 684 1619 ·.v
714 1582 791 1619 737

559 1630 645 1673 ἄλλ’
672 1630 836 1686 α’νδρῶν
875 1630 959 1672 ὕπο

559 1701 732 1727 παντων
762 1685 1023 1734 masone-2159

197 1740 237 1778 in
265 1739 403 1789 quibus
443 1736 778 1795 praepositionem
805 1739 1047 1780 substantivo
1084 1739 1337 1789 postpositam
1372 1737 1479 1801 adje-

198 1794 343 1834 ctivum
370 1792 628 1845 subsequitur.
663 1795 765 1836 Nec
791 1807 884 1835 vero
911 1796 1036 1858 maj-us
1065 1798 1125 1834 est
1160 1793 1263 1844 quod
1290 1793 1481 1843 quispiam

198 1849 341 1889 dixerit
363 1850 596 1899 Aeschylum
623 1844 895 1890 attractionem
922 1850 998 1890 nisi
1025 1850 1065 1889 in
1084 1844 1140 1889 ὧν
1164 1850 1288 1888 forma
1311 1847 1479 1896 genetivi

198 1904 350 1951 numeri
376 1904 541 1953 pluralis
569 1905 723 1953 generis
750 1904 927 1943 neutrius
955 1903 1168 1943 admisisse.
1232 1902 1333 1941 Nam
1361 1901 1480 1941 etiam

197 1958 301 2006 apud
329 1957 498 2007 reliquos
526 1959 706 2007 tragicos,
743 1956 787 1997 u't
823 1957 920 1997 nihil
957 1958 1082 1998 dicam
1119 1957 1167 1996 de
1204 1956 1403 1996 Herodoto
1440 1958 1481 1994 et

198 2011 435 2061 Thucydide,
463 2015 555 2051 sunt
593 2012 768 2062 exempla
805 2012 975 2060 genetivi
1010 2008 1062 2063 ἧς
1097 2011 1321 2051 assimilati:
1360 2020 1477 2050 unum

198 2066 303 2114 apud
333 2065 571 2115 Sophoclem,
599 2066 659 2105 El.
687 2078 722 2105 v.
755 2069 857 2106 1108

707 2116 758 2160 οὐ
785 2116 836 2171 δή
858 2115 969 2159 ποθ’
996 2113 1046 2170 ἧς
1063 2114 1315 2183 ἠκούσαμεν

510 2169 654 2225 φήμης
683 2173 880 2224 φέροντες
907 2174 1078 2224 ἐμφανῆ
1113 2186 1344 2226 walanem„

196 2225 275 2266 tria
302 2202 409 2277 apud
437 2225 679 2278 Euripidem,
707 2226 811 2268 Med
839 2238 875 2268 v.
905 2228 995 2267 296.

508 2285 643 2346 χωρὶς
680 2281 731 2333 cip
761 2279 885 2333 αλλης
912 2276 967 2348 ἧς
991 2279 1156 2347 ἔχουσιν
1170 2276 1339 2343 α’ργὶας.

200 2335 284 2374 Ion.
312 2346 347 2374 v.
369 2338 482 2378 1469.
512 2336 588 2387 τῆς
613 2349 640 2392 η
670 2335 770 2388 ονῆς
792 2330 911 2387 ⁴'‘cojcd
937 2329 989 2387 ἧς
1014 2331 1129 2388 ἔδωχ’
1154 2330 1259 2387 υμῖν
1287 2330 1375 2388 ἐγω.

287 2443 327 2485 ⁰)
350 2442 401 2476 Cf.
431 2443 539 2478 Prom
567 2443 640 2476 365.
671 2442 745 2477 634.
778 2442 869 2476 Pers.
898 2441 973 2476 754.
1002 2441 1046 2474 Se
1071 2446 1094 2477 t
1122 2441 1320 2476 286.1024.
1364 2443 1410 2485 Su
1433 2441 1475 2486 pl.

199 2486 271 2520 238.
294 2486 368 2521 499.
392 2486 465 2520 934.
489 2487 551 2530 Ag.
575 2486 648 2520 541.
672 2486 745 2520 590.
769 2484 959 2541 58721133.
987 2485 1075 2520 1452.
1101 2483 1181 2519 cho.
1204 2484 1276 2518 616.
1300 2484 1389 2520 Eum.
1430 2486 1475 2521 17.
