1759 2840
145 304 148 307 ⁴
206 287 339 338 Suppl.
371 291 460 328 645.
488 288 571 329 Alc.
604 292 663 328 11.
692 289 847 329 Heracl.
881 293 967 331 151.
996 290 1115 329 Arist.
1146 289 1238 366 Aeli.
1269 292 1376 329 300.-
1396 286 1494 329 Her.

818 119 879 157 ,40

206 232 265 273 Cf.
291 234 406 283 Soph.
463 216 563 274 Phil.
603 238 693 274 977.
749 235 844 275 Eur.
880 236 967 275 Hel.
1008 236 1097 276 639.
1151 232 1267 275 Herc.
1304 233 1396 274 Fur.
1430 237 1489 274 10.

205 342 438 391 V‚113·II,
468 345 533 392 43,
568 342 757 392 1.V‚30‚
790 347 823 383 1.

314 396 404 437 Jam
441 408 511 437 nos
537 401 652 438 vocat
677 397 784 438 locus
812 398 969 449 quintus
999 397 1132 449 Suppl.
1160 409 1195 438 v.
1226 399 1303 438 265
1333 397 1445 449 (252)

359 447 493 496 Amc
519 451 598 505 γάρ
623 450 764 494 ἐλθών
799 457 842 493 ἑκ
878 453 1007 519 πέρας
1036 446 1337 497 Ναυπακτίας

370 501 647 570 ἰατρόμαντις
674 512 775 551 παῖς
801 502 1069 551 ’Λπόλλωνος
1096 502 1251 570 χθόνα

370 574 422 611 τη
414 553 489 599 ’νδ
515 560 768 624 ἐκκαθαίρει
776 556 998 602 κνωδαλων
1023 557 1348 626 βροτοφθόρων,

370 611 423 653 τοὶ
442 613 493 664 ⁶¹)
523 611 574 664 δή
599 615 793 655 παλαιῶν
820 609 1012 667 αἱματων
1039 610 1249 680 μἰασμασι

374 668 585 732 χρανθεῖσ·
611 664 739 720 ανῆκε
765 675 863 722 γαῖα
889 673 1053 721 pamma?
1078 682 1171 736 αχη,

369 716 703 787 δρακονθόμιλον
730 721 918 775 δυσμενῆ
946 722 1169 768 ξυνοικίαν.

316 776 456 823 Qualia
484 776 563 815 sint
600 773 787 815 κνωδαλα
827 788 946 829 quum
984 777 1174 816 attributo
1211 772 1489 842 βροτοφθόρα

208 830 470 879 significatum
496 829 560 879 sit,
589 831 803 870 enuntiatio
831 830 901 870 rel.
929 833 975 870 ut
1001 842 1141 871 nomen
1177 825 1395 870 κνωδάλων
1432 829 1489 869 111-
1513 836 1537 857 ·

209 885 410 924 tellectum
450 884 615 924 haberet
656 886 875 925 necessaria
915 896 993 924 non
1027 885 1122 934 fuit,
1169 885 1238 924 sed
1275 885 1488 935 separatim
1549 922 1553 926 .

210 939 398 978 struenda
448 942 490 978 et
533 949 652 988 quum
686 939 783 978 nihil
819 939 927 979 aliud
979 940 1054 979 nisi
1101 939 1291 987 originem
1338 938 1493 978 illorum
1527 970 1533 977 .

210 996 472 1033 monstrorum
488 992 696 1042 describat,
725 993 992 1033 enuntiatione
1021 994 1326 1034 demonstrativa
1353 993 1490 1039 addita

210 1062 288 1100 γαρ
302 1047 495 1096 particula
511 1047 864 1087 Circumscribenda
878 1051 958 1087 est:
986 1050 1121 1087 ταῦτα
1140 1062 1218 1100 γαρ
1243 1045 1370 1097 α’νῆκε
1385 1055 1493 1100 γαῖα.

300 1101 494 1166 Eandem
520 1100 604 1141 fere
632 1101 802 1142 indolem
826 1102 947 1142 habet
974 1101 1046 1152 Ag.
1074 1114 1111 1142 v.
1142 1103 1218 1142 642
1249 1101 1362 1155 (620)

375 1154 482 1197 ὅταν
510 1152 546 1196 δ
574 1153 762 1196 α’πευκτα
791 1153 946 1221 πήματ’
974 1154 1142 1210 ἄγγελος
1172 1157 1289 1210 φέρη,

373 1206 494 1250 πόλει
519 1212 596 1275 μὲν
622 1207 672 1249 ἐν
698 1206 749 1250 τό
778 1207 926 1264 δήμιον
953 1217 1105 1264 τυχεῖν,

373 1261 563 1309 πολλους
582 1263 626 1305 δὲ
647 1264 820 1329 πολλῶν
847 1265 1144 1358 ἐξαγισθέντας
1171 1259 1315 1317 δόμων

376 1316 532 1368 ανδρας
560 1317 688 1383 διπλῇ
715 1333 904 1371 μαστιγι,
932 1333 1014 1373 την
1120 1334 1169 1370 ης
1197 1320 1319 1370 φιλεῖ,
1381 1324 1391 1331 ’

377 1370 570 1426 δίλογχον
597 1368 718 1426 ἄτην,
748 1372 919 1423 φοινίαν
947 1374 1077 1426 ξυνωρ
1052 1318 1220 1413 ι’δᾶ.

321 1426 423 1467 Nam
449 1426 512 1466 hic
539 1437 690 1475 quoque
720 1426 934 1466 enuntiatio
952 1427 1036 1466 rel.
1043 1441 1125 1477 την
1137 1423 1271 1478 ”Am
1288 1425 1401 1477 φιλεῖ
1421 1437 1498 1465 11011
1744 1454 1747 1468 1

214 1482 483 1533 praedicatum
511 1492 598 1521 cum
626 1495 798 1533 μαστιγι
834 1482 987 1521 nomine
1015 1480 1323 1521 necessitudinis
1345 1480 1499 1520 vinculo
1745 1493 1749 1514 ι

215 1537 467 1588 conjunctum
494 1536 677 1584 continet,
706 1536 776 1575 sed
802 1536 995 1576 rationem
1011 1536 1155 1585 reddit,
1183 1547 1252 1576 cur
1269 1534 1395 1589 διπλῇ
1370 1532 1499 1588 ημά-
1746 1531 1751 1550 ⁴

217 1606 324 1645 στιγι
354 1592 535 1644 dicantur
564 1590 709 1629 πολλοι
738 1592 1027 1644 ἐξαγισθέντες
1055 1587 1189 1641 δόμων
1217 1578 1383 1654 ανδρες.
1420 1589 1499 1628 Ita-

215 1656 290 1694 que
318 1656 366 1684 ne
393 1645 456 1685 hic
484 1644 640 1709 quidem
669 1644 726 1683 vis
755 1644 921 1684 causalis
949 1644 1142 1684 enuntiati
1168 1644 1238 1684 rel.
1268 1657 1350 1694 την
1366 1640 1501 1694 'Aeno

216 1714 246 1749 φ
249 1700 330 1738 ιλεῒ
352 1698 395 1751 (1.
423 1710 457 1737 e.
486 1712 649 1749 ταυτην
682 1713 759 1750 γαρ
790 1696 924 1759 ”Λρης
959 1699 1082 1749 φιλει)
1118 1702 1158 1737 et
1195 1697 1512 1738 demonstrativa·

215 1751 446 1801 significatio
475 1751 623 1792 formae
652 1751 888 1801 pronominis
916 1752 986 1791 rel.
1015 1763 1039 1791 a
1071 1767 1093 1790 τ
1127 1752 1243 1791 litera
1280 1751 1500 1800 incipientis

216 1807 383 1848 obscura
411 1809 482 1847 est.
517 1807 712 1847 Attractio
742 1807 775 1846 si
804 1809 907 1846 esset
933 1806 1111 1847 adhibita
1138 1807 1210 1847 hoc
1247 1806 1342 1855 loco,
1381 1805 1497 1845 exsti-

215 1863 329 1902 tisset
355 1861 545 1911 oppositio
568 1862 675 1910 „iusta
704 1861 856 1899 ratione
885 1861 1073 1900 destituta
1100 1862 1204 1900 inter
1239 1860 1435 1909 flagellum
1477 1872 1501 1898 a

216 1915 346 1956 Marte
374 1918 547 1956 amatum
580 1918 621 1954 et
658 1915 736 1954 alia
763 1913 930 1964 flagella.

325 1971 460 2020 Neque
488 1970 632 2021 injuria
659 1970 802 2012 omissa
830 1973 890 2010 est
904 1971 1087 2010 attractio
1106 1970 1146 2010 111
1161 1970 1318 2020 Septem
1346 1968 1502 2009 fabulae

216 2035 330 2073 versu
361 2028 437 2064 553
468 2025 580 2075 (534)

380 2083 496 2119 ἔστιν
525 2077 569 2119 δὲ
599 2077 665 2118 καὶ
694 2072 805 2131 τῷδ’,
835 2074 886 2118 ὃν
914 2077 1043 2132 λεγεις
1071 2091 1150 2117 τον
1185 2072 1369 2130 Ἀρκαδα

383 2128 491 2186 α’νηρ
520 2147 724 2185 ακομπος.

332 2186 447 2238 Τῷδε
474 2187 577 2227 enim
612 2186 839 2236 pronomine
877 2185 1180 2225 demonstrativo
1214 2186 1307 2234 quin
1341 2185 1504 2225 Parthe-

217 2251 390 2292 nopaeus
415 2240 657 2290 significetur
686 2240 846 2281 dubium
874 2251 959 2280 esse
983 2251 1061 2280 non
1079 2242 1219 2290 potest,
1246 2240 1436 2289 siquidem
1464 2241 1504 2279 111

308 2423 352 2469 ⁶¹)
376 2425 425 2468 InJ
418 2424 498 2458 'iura
520 2424 561 2458 Di
564 2425 709 2458 ndorfius
728 2423 868 2457 Medicei
891 2423 1081 2479 scripturam
1103 2424 1144 2458 τά
1173 2424 1205 2456 111
1233 2422 1256 2457 ἅ
1275 2424 1418 2461 mutavi&
1451 2422 1505 2458 ef.

218 2469 333 2513 Suppl.
355 2480 385 2505 v.
408 2469 473 2502 699
495 2469 533 2504 το
557 2468 597 2503 δά
577 2483 656 2513 αιομ
657 2469 747 2511 vste&
768 2482 832 2503 πτο
816 2468 887 2502 όινλ
868 2482 1006 2512 ruem-v
