1759 2840
807 102 860 142 27

197 235 241 263 sa
273 219 487 272 J'udicanda
523 222 612 268 est,
630 222 677 259 ut
713 216 765 265 ὥς
795 220 1000 270 particula
1042 220 1162 264 verbo
1207 215 1485 287 ὀνειδίζεσθαι

198 276 403 327 subjuncta
430 276 500 314 est
525 273 630 314 Xen.
653 273 769 314 Mem.
793 274 846 314 II.
877 278 919 324 9,·
944 278 968 316 8
997 275 1033 315 εἰ
1067 274 1113 315 δέ
1148 288 1223 321 τις
1239 270 1355 326 αὐτῷ
1380 271 1485 316 τού-

197 342 282 371 των
308 326 370 374 οἷς
397 324 620 394 ἀπήχθετο
636 323 856 391 ὀνειδίζοι,
883 343 952 374 wc
961 326 1048 370 ὑπο
1041 324 1281 381 Κρίτωνος
1296 315 1484 381 (ὄφελον-

197 397 326 438 ,ιιενος
353 376 566 423 κολακεύοι
591 377 735 423 αὐτόν.

305 436 380 478 Ηιο
415 435 511 477 mihi
544 436 714 476 occurrit
739 436 902 477 Weilius
920 437 996 506 qui
1022 435 1343 487 significationem
1369 436 1498 487 quam‘

116 473 139 490 ’ν
197 503 269 542 ego
296 492 338 531 in
365 506 418 535 ως
433 489 638 541 particula,
665 488 936 532 eandemin
907 507 963 531 ων
977 492 1157 541 genetivo
1185 489 1486 541 deprehendisse

196 546 272 587 sihi
297 545 403 585 visus
428 548 501 584 est.
546 544 586 584 Is
622 545 725 584 enim
753 540 809 585 ὧν
852 546 1074 595 genetivum
1115 547 1271 595 generis
1308 546 1486 585 neutrius

197 609 282 641 esse
308 602 440 639 ratus-
456 597 579 639 verba
613 613 670 638 ων
706 599 882 641 ἔκτανον
908 596 1091 645 ὄνειδος
1107 600 1390 650 interpretatur
1427 594 1485 638 ὧν

197 652 350 703 ἔδρασα
369 653 458 692 sive
486 653 563 692 τοῦ
580 648 716 703 φόνου
728 650 902 699 ὄνειδος.
957 653 1012 693 At
1047 654 1138 694 talis
1165 657 1364 694 structura
1388 652 1485 693 fines

199 706 338 760 quibus
365 706 610 746 attractionis
637 717 730 746 usus
758 717 835 746 non
862 707 988 747 solum
1012 708 1119 757 apud
1137 707 1320 756 tragicos,
1347 718 1484 755 ,verum

198 761 316 801 etiam
352 760 457 810 apud
490 765 649 799 ‘omnes
670 760 737 810 qui
780 763 879 801 ante
911 772 1055 801 annum
1098 761 1241 809 CCCC.
1269 760 1485 801 floruerunt

196 815 410 864 scriptores
448 815 781 864 circumscriptus.
803 818 972 865 tenetur,
1000 816 1213 864 egreditur.
1267 815 1375 856 Nihil
1409 815 1485 855 huc

197 869 293 961 faelilt
326 868 445 916 locus,
479 879 554 918 quo
583 868 745 908 Weilius
780 880 873 908 usus
902 872 962 909 est
996 870 1244 918 adminicu10‚
1285 861 1482 923 Aristoph.

197 924 254 963 Ac
321 934 357 962 v.
379 925 455 986 677

358 991 408 1016 συ
435 973 513 1029 γάρ
541 970 659 1020 α’ξῐως
687 974 853 1016 ἐκείνων
878 971 937 1017 ιῖν
946 974 1336 1041 ἐναυμαχήσαμεν

309 1043 312 1047 ’
357 1024 741 1096 γηροβοσκούμεσθ’
766 1025 839 1080 σφ’
867 1026 1021 1095 einaim,

199 1096 317 1134 quum
344 1085 410 1134 qui
437 1084 479 1123 in
507 1097 564 1123 ων
591 1083 770 1132 genetivo
799 1082 897 1124 latet
924 1082 953 1125 α’
980 1085 1237 1134 accusativuS,
1263 1084 1406 1136 objecti
1433 1084 1486 1125 sit

200 1139 447 1178 immanentis
490 1137 593 1186 quod
640 1138 794 1178 dicitur.
848 1138 983 1188 Neque
1031 1139 1082 1179 ad
1119 1139 1252 1179 Weilii
1291 1139 1484 1179 rationem

199 1193 384 1233 tuendam
429 1191 573 1232 sufficit
619 1190 738 1241 locus,
780 1203 894 1242 quem
912 1193 1080 1257 aliquis
1126 1193 1290 1233 similem
1328 1192 1483 1258 dixerit,

112 1258 120 1266 ·
199 1248 315 1297 Soph.
345 1247 440 1286 Oed.
464 1247 515 1291 R.
543 1257 579 1284 v.
610 1248 687 1293 788
731 1247 797 1286 καί
825 1243 871 1300 μ’
899 1243 923 1287 o‘
957 1248 1136 1301 Φοῖβος
1139 1242 1197 1288 ων
1217 1250 1300 1300 μὲν
1326 1242 1482 1326 ἱκόμην

471 1297 636 1349 ἄτιμον
657 1299 904 1352 ἐξέπεμψεν.

305 1353 407 1393 Nam
435 1353 502 1405 qui
527 1353 600 1416 hoc
626 1353 710 1393 loco
737 1354 916 1402 genetivo
945 1349 1001 1394 ὧν
1027 1354 1234 1404 absorptus
1248 1353 1484 1405 judicandus

198 1411 258 1448 est
284 1408 526 1448 accusativus
562 1404 589 1445 ἅ
625 1407 822 1457 legitimus
860 1412 922 1448 est
954 1411 1043 1458 post
1078 1410 1285 1453 ἱκνεῖσθαι
1321 1406 1483 1448 verbum

202 1463 254 1503 ad
281 1462 323 1502 id
350 1461 648 1511 significandum
676 1462 780 1555 (Ἐιοᾶ
806 1463 909 1502 actio
946 1462 1127 1515 veniendi
1163 1462 1366 1512 spectavit,
1406 1461 1481 1502 'sihi

196 1517 330 1565 voluit,
366 1516 607 1578 propositum
641 1516 693 1556 ha
720 1517 780 1556 uit
794 1516 858 1566 31).
914 1517 973 1556 Ea
1008 1520 1140 1556 autem
1173 1527 1273 1566 quae
1299 1516 1484 1567 Aeschyli

175 1572 280 1611 -loco
309 1570 527 1612 necessaria
555 1573 660 1610 e'sset
695 1569 865 1619 genetivi
902 1586 960 1611 ων
994 1570 1283 1611 circumlocutio
1321 1569 1484 1611 τούτων

199 1624 265 1665 ὅτι
296 1625 510 1675 Sophoclis
523 1624 606 1665 loco
634 1624 813 1664 adhiberi
840 1636 918 1665 non
943 1628 1083 1675 potest.
1140 1625 1246 1665 Talis
1260 1635 1353 1664 vero
1370 1633 1483 1665 accu-

199 1679 345 1719 sativus
371 1679 608 1729 pronominis
635 1679 707 1719 rel.
735 1680 890 1729 generis
918 1680 1107 1728 neutrius,
1135 1680 1203 1729 qui
1230 1680 1349 1719 totius
1362 1690 1490 1719 enun-
1567 1685 1577 1693 ·

198 1734 288 1782 ιι3ιι
315 1736 548 1783 argumento
571 1745 650 1772 una
677 1744 770 1773 voce
786 1734 1146 1792 comprehendendo
1169 1737 1211 1774 et
1222 1733 1482 1795 praecidendo

199 1788 372 1837 inservit,
401 1787 647 1827 attractionis
674 1788 713 1827 vi
740 1788 783 1827 in
809 1778 1031 1837 genetivur'n
1056 1791 1229 1828 mutatus
1254 1787 1361 1841 apud
1387 1787 1482 1829 scri-

198 1846 331 1892 ptores
359 1843 425 1903 qui
452 1846 544 1881 ante
571 1841 668 1881 belli
694 1842 1012 1891 Peloponnesiaci
1057 1842 1172 1882 finem
1205 1835 1375 1891 fuerunt,
1403 1853 1482 1882 non

197 1899 307 1936 extat
334 1896 409 1935 nisi
436 1896 478 1935 in
505 1896 623 1935 certis
657 1895 890 1944 quibusdam
924 1896 1112 1945 somnne,
1149 1896 1191 1938 in
1218 1895 1358 1946 quibus
1392 1907 1482 1946 pro-

197 1962 337 1991 nomen
363 1950 433 1999 rel.
463 1962 550 1991 cum
577 1951 863 2000 praepositione
900 1953 1092 2018 structum
1124 1950 1165 1991 in
1201 1950 1482 2014 conjunctionis

198 2005 518 2073 significationem
534 2004 642 2052 abiit,
664 2016 763 2054 quae
778 2008 868 2044 sunt
888 2001 1006 2045 ανθ’
1025 2000 1101 2052 ὧν,
1124 2001 1242 2045 ἄνθ’
1270 2003 1407 2052 ὅτου,
1436 2007 1483 2050 ἐξ

198 2053 270 2107 ὧν,
299 2055 380 2112 ἐφ’
416 2053 469 2112 ᾧ,
509 2055 583 2124 ἐφ’
620 2054 728 2112 ᾧτε.
785 2058 844 2099 Cf.
870 2059 952 2124 Sop
952 2059 990 2098 h.
1018 2034 1110 2099 Ant'.
1143 2062 1246 2100 1068
1284 2053 1386 2098 ἄνθ’
1420 2051 1483 2098 ων

194 2112 297 2182 §leeg
324 2116 407 2166 μὲν
434 2113 519 2153 τῶν
547 2110 632 2153 ἄνω
659 2109 801 2180 βαλων
829 2128 951 2154 κατω.
988 2113 1109 2153 Arist.
1139 2112 1241 2153 Plut,
1274 2115 1354 2152 434
1382 2108 1483 2152 ἄνθ’

196 2181 253 2207 ων
291 2170 365 2220 ἐμὲ
405 2169 593 2219 ζητεῖτον
631 2162 798 2208 ἐνθένδ’
819 2164 1049 2219 simonidem.
1098 2168 1226 2218 -.Soph
1265 2166 1361 2233 Oed.
1399 2166 1480 2206 Col.

315 2285 610 2372 ἩΟἶὸοηὶΙιΟοά.
624 2271 991 2329 Οο1.1308τι’δῆτανιῖ’
1017 2300 1038 2320 α
1156 2298 1281 2328 noveno
1275 2268 1372 2327 33ib.
1401 2286 1480 2320 1291

195 2328 266 2363 ἅδ’
291 2297 408 2373 ἦλθον,
553 2330 676 2364 mmm
696 2330 796 2371 λέξαι,
818 2330 886 2364 πᾶτ
886 2344 944 2373 ε.ρ
974 2299 1077 2368 Οεᾶφ
1078 2290 1156 2362 §⁸4¹¹
1144 2330 1237 2364 1005.
1243 2300 1370 2363 ⁰Arist.
1396 2329 1481 2365 Plut.

195 2373 269 2408 966,
315 2343 448 2406 Simil'is
456 2343 532 2406 3751ιο
528 2383 606 2406 usus
628 2373 822 2406 comicorum
851 2365 1032 2414 latinorum,
1069 2372 1157 2417 apud
1184 2380 1266 2416 quos
1288 2372 1376 2406 haud
1404 2383 1457 2405 rar
1460 2384 1480 2405 ο

195 2417 334 2449 occurrit
369 2416 407 2449 ἰ(1
431 2416 570 2501 (fluod,
608 2427 677 2460 qun
668 2417 720 2459 i)d
755 2417 857 2458 veni,
890 2399 1083 2461 (rever’ti.)
1129 2415 1180 2450 Cf.
1204 2415 1481 2456 Plaut.Mil.1V,-

195 2463 226 2500 4,
250 2460 302 2496 22.
323 2459 417 2496 Cure
502 2460 533 2502 3,
549 2460 609 2495 60.
653 2417 771 2495 Pegud.
794 2460 836 2501 11,
858 2460 889 2502 2,
910 2461 962 2495 44.
985 2460 1143 2504 Amphitr.
1167 2460 1222 2501 111,
1245 2461 1276 2500 2,
1298 2459 1350 2495 28.
