1759 2840
895 148 950 189 ‘14

274 267 480 307 infinitivov
495 270 538 308 σὲ
567 265 710 320 λέγειν
728 269 910 318 supplere
938 270 1046 318 velit,
1074 267 1562 321 equidem'oblucter:.jat-

211 361 216 365 .
271 322 412 361 tractio
438 322 560 363 enim
599 322 782 362 remanet
821 333 891 363 nec
927 324 1138 374 >quicquam
1173 323 1292 362 habet
1332 321 1564 371 offensionis,

271 376 347 415 etsi
374 376 479 425 apud
507 376 743 426 Aeschylum
771 376 861 416 huic
885 377 1000 426 plane
1039 387 1197 427 compar
1233 375 1451 426 exemplum
1480 380 1586 416 ‘non‘

272 430 481 479 reperitur.
539 429 772 470 Suntenim
800 431 974 480 ejusdem
1000 431 1156 481 generis
1183 430 1257 470 loci
1284 430 1389 480 apud
1418 430 1563 480 Sopho-

274 483 372 523 clem
400 487 441 523 et
466 483 706 534 Euripidem,
727 485 774 525 ‚in
802 484 942 534 quibus
969 486 1036 534 qui
1064 484 1233 525 debebat
1264 495 1347 529 esse
1375 484 1586 525 accusati-·

272 550 343 577 vus
392 539 631 587 pronominis
674 539 743 578 rel.
783 550 858 578 non
894 539 942 579 ab
978 540 1062 589 ipso
1098 539 1217 579 verbo
1254 539 1376 586 finito,
1410 538 1497 591 sed*
1510 537 1561 579 ab

264 591 463 639 ,infinitivo
482 604 569 632 cum
588 593 660 631 hoc
679 593 719 631 in
738 604 856 636 unum
871 593 1138 643 conjungendo
1150 593 1314 643 pendet:
1333 592 1560 633 Oed.R.862

238 645 241 647 ’
397 642 522 686 οὐδὲν
547 642 625 700 γοὶρ
654 643 708 686 ἄν
735 642 925 700 πράξαιμ’
952 645 1005 687 ἄν
1033 642 1090 687 ὧν
1118 645 1169 686 οὔ
1197 661 1260 686 σοι
1290 646 1434 698 φίλον.-

270 699 369 739 Phil.
403 702 519 739 1227,
573 701 753 752 ἔπραξας
790 700 924 754 ἔργον.
948 706 1072 741 ποῖον
1110 695 1167 741 ὧν
1204 699 1254 741 οὔ
1293 715 1357 740 σοι
1386 699 1562 752 πρέπον.

271 754 364 793 Eur.
395 753 516 793 Andr.
550 757 663 793 1001.
695 754 808 800 δείξει
823 762 974 808 γαμεῖν
992 769 1069 817 σφε
1080 754 1214 806 μηδὲν
1242 749 1297 794 ὧν
1326 756 1452 808 ἐχρῆν
1473 753 1560 806 ἐμὲ.

275 808 473 848 Temenid.
501 808 549 848 fr.
582 811 671 847 736.
688 805 962 859 ’μνημονεύων
991 808 1113 849 ουδὲν
1142 803 1198 848 ὧν
1227 807 1352 861 ἐχρῆν
1379 807 1517 857 φίλον.

272 862 531 900 Nihilominus
596 862 775 910 equidem
839 863 1009 911 priorem
1068 864 1284 909 rationem,
1349 861 1561 901 secundum

276 926 392 965 quam
421 915 516 955 nihil
554 915 812 965 supplendum
840 919 925 970 est,¹
939 919 983 955 ut
1010 916 1295 966 simpliciorem,
1332 915 1421 955 huic
1447 925 1561 964 prae-

273 969 476 1009 ferendam
503 981 652 1009 censeo.
708 970 855 1009 Verum
891 970 986 1010 haec
1021 970 1116 1010 satis
1144 967 1259 1019 sunto
1288 969 1436 1009 dehoc
1463 969 1559 1010 loco.
1603 979 1605 981 ·

330 1026 334 1030 ’
349 1023 473 1071 Nunc,
485 1023 667 1072 quoniam
686 1024 827 1063 tertiae
845 1024 959 1073 hujus
977 1025 1132 1073 generis
1149 1024 1291 1074 speciei
1310 1023 1499 1073 exempla,
1519 1024 1560 1063 in

269 1078 409 1127 quibus
437 1078 653 1117 enuntiatio
681 1078 751 1117 rel.
772 1081 943 1118 attracta
968 1079 1016 1118 ab
1048 1078 1239 1128 adjectivo
1269 1077 1425 1128 pendet,
1454 1077 1559 1127 apud

270 1132 507 1181 Aeschylum
535 1132 687 1179 desunt,
704 1132 948 1181 proferamus
976 1133 1079 1173 locos
1106 1142 1195 1181 eos,
1212 1133 1253 1171 in
1272 1131 1412 1180 quibus
1439 1143 1559 1171 enun-

269 1186 385 1235 tiatio⁴
402 1185 473 1224 rel.
483 1188 654 1225 attracta
666 1197 690 1224 a
709 1186 850 1226 verbo
871 1186 1146 1226 enuntiationis
1159 1186 1370 1236 primariae
1388 1185 1558 1234 regitur:

294 1240 336 1279 ui
363 1242 455 1278 sunt
482 1239 557 1278 duo
1435 1254 1440 1259 ·

268 1250 379 1332 glum.
408 1305 443 1332 v.
475 1297 552 1332 574
583 1294 693 1344 (564)
714 1291 816 1339 ἅναξ
837 1290 1067 1339 ”Απολλον,
1086 1284 1255 1346 αἴν’ἔχεις
1266 1287 1395 1337 αὐτός
1406 1288 1558 1344 κράτει.

269 1350 310 1387 et
321 1347 425 1396 Sept.
438 1359 472 1386 v.
486 1349 562 1386 550
576 1348 688 1399 (531)
701 1349 736 1386 εἰ
745 1342 822 1400 γάρ
834 1342 1000 1399 τύχοιεν
1019 1341 1076 1387 ὧν
1096 1347 1294 1397 φρονοῦσι
1314 1342 1418 1395 πρός
1431 1346 1559 1386 θεῶν.

314 1434 319 1439 .
376 1401 505 1450 Atque
548 1402 589 1440 in
617 1402 757 1451 'priore
804 1401 958 1453 quidem
1004 1401 1087 1441 loco
1132 1401 1268 1450 quavis
1313 1399 1556 1439 dubitatione

269 1468 393 1496 vacua
438 1458 498 1496 est
542 1456 738 1505 attractio,
784 1455 973 1511 siquidem
1018 1455 1220 1506 genetivus
1258 1449 1314 1495 ὧν
1350 1453 1555 1494 manifesto

271 1522 429 1550 causam
457 1521 567 1549 suam
595 1511 635 1549 in
664 1513 862 1550 structura
893 1516 1057 1560 κρατεῖν
1084 1524 1200 1554 τινος
1226 1510 1356 1550 habet.
1393 1508 1557 1557 Longio-

269 1576 352 1605 rem
381 1564 684 1614 disputationem
704 1564 871 1616 requirit
899 1563 1004 1603 locus
1025 1564 1138 1612 alter,
1168 1564 1216 1604 de
1236 1564 1345 1613 cujus
1364 1563 1558 1612 scriptura

268 1622 309 1659 et
360 1619 589 1667 integritate
643 1619 865 1668 nuperrime
919 1617 1179 1658 dubitationes
1232 1618 1409 1668 prolatae
1454 1619 1555 1656 sunt.

267 1673 344 1712 Pro
373 1675 479 1712 certo
506 1675 639 1712 tamen
667 1673 847 1724 equidem
874 1672 998 1712 habeo
1034 1673 1256 1722 genetivum
1285 1666 1342 1711 ὧν
1375 1671 1448 1710 nisi
1484 1682 1555 1720 per
1582 1716 1584 1718 v

269 1727 545 1767 attractionem
581 1727 770 1776 explicari
808 1738 884 1766 non
919 1737 1042 1776 posse.
1106 1727 1206 1766 Nam
1236 1726 1440 1780 quominus
1467 1735 1555 1764 eum
1590 1766 1592 1768 ,

268 1782 318 1822 ab
362 1780 551 1831 infinitivo
597 1787 739 1834 τυχεῖν
786 1781 837 1820 ad
879 1780 1041 1821 verbum
1093 1782 1293 1832 φρονοῦσι
1341 1778 1554 1843 suppleqdo

271 1835 443 1885 pendere
499 1837 729 1883 statuamus,
781 1834 1027 1884 significatio·
1061 1846 1229 1888 ususque
1257 1876 1259 1879 ,
1285 1833 1394 1874 verbi
1447 1847 1554 1885 φρο-

187 1893 194 1901 ·
267 1895 355 1930 νεῖν
399 1888 591 1939 prohibet.
665 1889 904 1938 significatio
957 1890 1059 1929 enim
1117 1900 1232 1943 quam
1276 1889 1349 1928 hoc
1394 1886 1555 1927 verbum

270 1955 357 1984 cum
393 1942 583 1983 infinitivo
630 1947 821 1984 structum
869 1944 974 1993 apud
1023 1945 1236 1984 Homerum
1279 1943 1342 1995 (Il.
1381 1957 1418 1995 p,
1458 1942 1552 1993 286)

267 2001 308 2039 et
334 1997 548 2039 Hesiodum
577 1997 699 2051 (Seut.
732 1999 826 2050 387)
854 1996 984 2047 habet,
1022 2001 1062 2037 in
1088 2001 1215 2037 animo
1241 1998 1376 2036 habere
1401 1997 1556 2048 aliquid

258 2055 397 2102 facere
432 2052 493 2090 vel
526 2053 726 2091 eonsilium
753 2066 890 2103 capere
914 2053 1080 2105 alieujm
1105 2053 1164 2090 ‘rei
1186 2051 1408 2101 faciendae,
1441 2060 1488 2089 ea
1514 2048 1555 2087 in

267 2105 370 2145 hunc
397 2104 524 2145 locum
552 2116 629 2145 non
655 2104 835 2154 quadrat.
892 2104 1004 2153 Quod
1049 2115 1141 2144 vero
1182 2104 1311 2157 majus·
1348 2106 1419 2151 est,
1459 2103 1555 2143 haec

266 2163 465 2200 structura
493 2160 526 2200 si
561 2159 688 2199 minus
717 2159 766 2199 ab
795 2160 964 2200 omnium
988 2158 1275 2213 Atticorum,¹⁶)
1304 2160 1409 2204 certe
1428 2164 1459 2198 a'
1474 2160 1555 2198 tra-

211 2242 223 2251 ».
265 2215 441 2262 gicorum
468 2224 541 2253 usu
568 2213 697 2253 aliena
714 2213 800 2260 fuit.
829 2236 883 2242 -
911 2214 989 2267 Sed
1009 2225 1086 2254 non
1099 2213 1200 2262 huic,
1229 2213 1298 2253 sed
1326 2211 1556 2252 attributivo

266 2268 402 2317 generi
431 2268 740 2307 enuntiationum
767 2268 854 2308 rell.
882 2271 1140 2308 attractarum
1168 2266 1426 2317 assignandus
1453 2269 1557 2306 esset

266 2323 329 2363 hic
354 2323 460 2363 locus
475 2353 484 2370 ,
514 2322 547 2361 si
574 2334 668 2363 vera
697 2326 802 2362 esset
827 2323 1050 2373 conjectura
1077 2322 1356 2370 Heimsoethii,
1385 2321 1451 2371 qm·
1479 2320 1555 2360 duo

356 2419 398 2462 .¹⁸)
420 2418 529 2452 Unum
553 2419 700 2462 equidem
723 2417 925 2469 novi·locum
947 2419 1177 2464 Xenophontis
1188 2418 1262 2475 ΟΡ.
1285 2419 1341 2454 111.
1364 2419 1394 2461 3,
1416 2419 1467 2454 66.
1491 2431 1546 2454 το·-

267 2463 371 2504 ξιιιῖειν
392 2464 454 2506 μὲν
473 2468 527 2497 καὶ
549 2461 727 2504 ἀκοντίζειν
747 2462 791 2498 εἷς
811 2463 887 2498 τούς
913 2466 1162 2499 κατακαίνοντας
1188 2477 1262 2498 avve
1289 2463 1448 2508 ἐφρόνουν
1476 2462 1549 2497 οἷῖτε

267 2506 437 2549 ἐδύναντο,
464 2505 496 2539 in
519 2517 585 2550 quo
608 2506 756 2542 infinitivi
796 2506 937 2549 τοξειῗειν
964 2510 997 2541 et
1018 2505 1199 2549 ἀκοντίζειν
1226 2519 1294 2541 non
1322 2515 1388 2541 tam
1419 2510 1554 2552 propter

269 2554 408 2595 φρονεῖν
429 2560 525 2594 quam
547 2555 687 2594 propter
710 2550 874 2587 διῗναοθαι
896 2551 1028 2585 verbum
1049 2551 1194 2595 usurpati
1216 2552 1373 2587 videntur.
