1759 2840
695 1109 697 1111 Ι
757 1001 977 1079 vita.
1048 1041 1051 1045 ,

334 1215 888 1263 Paulus-mffiFoerster
902 1225 935 1252 a.
965 1214 999 1251 d.
1027 1215 1089 1252 VI.
1118 1225 1200 1251 non.
1224 1215 1333 1253 Mart.
1363 1216 1445 1251 anni
1470 1216 1504 1252 h.
1529 1215 1531 1217 ’
1568 1186 1570 1188 v

226 1279 255 1306 s.
284 1269 405 1305 XLIII
434 1269 575 1314 Gor-litii
612 1274 715 1307 natus
741 1280 817 1306 sum
855 1269 983 1305 Carolo
1020 1272 1133 1314 patre,
1160 1269 1320 1314 Augusta
1345 1274 1457 1306 matre
1479 1272 1506 1306 'e

225 1325 329 1368 gente
372 1323 619 1361 Weideriana:
656 1323 779 1371 quibus
814 1326 852 1360 ut
896 1323 1147 1369 aliquantulum
1184 1323 1320 1369 gratiae
1372 1323 1505 1360 referre

226 1378 357 1423 possim
383 1378 470 1414 deus
498 1377 588 1415 faxit
614 1382 776 1425 optumus
802 1385 1012 1414 maxumus·
1050 1378 1175 1413 Fidem
1209 1377 1377 1423 profiteor
1404 1389 1507 1414 evan-

225 1432 383 1476 gelicam.
416 1433 606 1478 Elementa⁴
628 1437 813 1479 postquam
826 1432 863 1468 in
888 1431 970 1468 ludo
984 1431 1125 1476 publico
1153 1432 1271 1476 didici,
1283 1442 1372 1478 puer
1386 1433 1506 1469 decem

227 1495 398 1523 annorum
425 1497 448 1523 a
472 1490 574 1533 patre
602 1488 648 1524 ad
662 1482 889 1533 gymnasium,
920 1486 1015 1531 quod
1036 1486 1174 1531 patriae
1201 1486 1281 1523 urbi
1308 1486 1427 1523 decori
1441 1491 1505 1532 est,

227 1539 395 1591 deductus
408 1540 452 1577 ab
474 1541 507 1577 A
518 1544 590 1578 nto
601 1543 673 1578 nio
696 1545 835 1578 rectore
850 1540 1041 1576 venerabili
1056 1543 1137 1577 ante
1151 1540 1214 1577 hos
1233 1541 1381 1586 quinque
1396 1552 1506 1578 annos

226 1593 402 1639 defuncto,
438 1596 497 1641 qui
532 1595 626 1632 idem
662 1598 800 1641 patrem
840 1598 1044 1640 receperat,
1086 1595 1122 1630 in
1158 1595 1314 1640 quimum
1348 1596 1503 1632 ordinem

225 1651 389 1694 receptus
416 1659 513 1686 sumt
540 1650 599 1695 qui
627 1660 732 1694 quum
760 1660 830 1686 uno
859 1658 950 1684 anno
977 1651 1059 1693 post
1086 1659 1108 1685 a
1121 1659 1264 1685 munere
1290 1659 1357 1694 per
1382 1650 1505 1686 ‘decem

224 1702 419 1739 lustracum
428 1703 542 1748 gloria
561 1703 804 1753 administrato
815 1713 852 1739 se
868 1702 1075 1746 abdicasset,
1087 1702 1110 1739 S
1121 1702 1201 1738 chn
1211 1704 1369 1739 ettium
1384 1704 1507 1742 habuit

225 1765 461 1805 successorem
488 1757 784 1800 humanissimum,
814 1758 911 1803 cujus
938 1756 1103 1802 auspiciis
1131 1757 1329 1795 etiamnunc
1364 1769 1506 1804 gymna-

224 1812 312 1848 sium
338 1811 453 1849 floret.
490 1812 526 1848 Is
562 1809 697 1858 pariter
724 1816 829 1858 atque
856 1811 983 1856 reliqui
1008 1814 1258 1857 praeceptores
1285 1815 1370 1857 quot
1396 1823 1503 1857 quan-

223 1869 329 1912 taque
366 1866 403 1902 in
440 1877 496 1903 me
534 1867 664 1906 amoris
699 1867 903 1913 gratiaeque
938 1866 1142 1916 testimonia
1168 1866 1389 1909 contulerint,
1418 1873 1506 1903 sem·

223 1931 290 1966 per
316 1919 426 1959 menti
444 1931 552 1958 meae
579 1921 686 1958 infixa
712 1921 874 1958 haerebit
890 1918 1109 1958 recordatio.
1138 1920 1260 1959 Mense
1289 1920 1407 1967 Aprili
1423 1923 1504 1958 anni

222 1974 258 2012 h.
296 1985 327 2012 s.
364 1975 449 2012 LXI
484 1969 694 2013 maturitatis
720 1976 955 2013 testimonium
992 1978 1114 2013 nactus
1141 1975 1166 2012 J
1174 1985 1227 2012 en
1239 1985 1391 2012 ensem
1417 1977 1503 2022 petii

223 2024 439 2075 academiam
452 2057 461 2074 ‚
490 2030 712 2077 philologieis
729 2033 776 2080 'et
801 2028 1009 2074 theologicis
1036 2029 1156 2066 rebus·
1176 2039 1321 2075 operam
1348 2030 1501 2068 daturus.

221 2081 319 2120 Inter
346 2085 439 2121 cives
463 2084 684 2122 academicos
701 2088 862 2131 receptus
876 2094 898 2121 a
914 2084 1099 2130 Guilielmo
1113 2080 1290 2121 Leis'tio
1317 2081 1408 2130 prof.
1432 2086 1501 2131 jur.

220 2151 257 2185 p.
285 2148 333 2183 o.‚
362 2148 475 2190 penes,
485 2149 587 2185 quem
609 2143 686 2177 ‘tum
700 2137 813 2191 fasces
829 2140 941 2183 erant,
958 2135 996 2175 et
1014 2148 1141 2175 nomen
1155 2138 1250 2184 apud
1277 2138 1328 2175 Sc
1339 2139 1503 2176 hleide-

221 2204 322 2231 num
354 2193 642 2242 philosophorum
681 2195 850 2231 decanum
877 2192 1053 2241 professus
1093 2203 1159 2240 per
1193 2195 1302 2231 nnum'
1335 2197 1502 2236 semestre

220 2247 338 2285 audivi
355 2242 1021 2294 scholasphilologicasNi'ppordei,
1040 2247 1501 2288 Schleicheri,·Maur.

219 2302 478 2353 Schmidtii‚
494 2295 754 2349 philosophicas
767 2302 963 2340 (lunonis
976 2298 1208 2346 Fischeri,
1219 2302 1502 2347 archaeologicas

219 2355 598 2408 Klopffloischii,
625 2358 810 2394 historicas
843 2355 1345 2405 Erdmannsdoerferi„
1369 2356 1502 2394 theolo-

218 2412 316 2458 gicas
328 2410 363 2447 Η
372 2410 436 2458 ilg
445 2422 465 2449 e
474 2423 497 2448 n
504 2410 522 2448 f
528 2413 567 2449 el
579 2413 602 2449 d
610 2412 644 2448 ii
657 2422 769 2458 neque
778 2409 960 2449 vseminarii
967 2411 1170 2458 philologici
1183 2411 1499 2457 exercitationibus,

219 2476 306 2512 quas
333 2466 548 2503 Goettlin
559 2468 657 2513 gius
694 2478 772 2503 cum
808 2467 1028 2513 Nipperdejo
1064 2466 1220 2512 regebat,
1247 2476 1318 2503 non
1343 2465 1497 2504 interfui.

219 2521 373 2567 Quorum
385 2522 517 2566 optime
538 2522 581 2558 de
599 2532 655 2560 me
669 2522 813 2558 meritus
832 2525 886 2558 est
911 2521 962 2559 M.
992 2521 1274 2559 Schmidtius
1300 2531 1415 2566 quumv
1431 2531 1500 2557 non

218 2575 331 2613 solum
366 2577 475 2622 ipsius
516 2577 706 2615 domestica
740 2576 987 2619 consuetudine
1027 2574 1096 2614 frui
1134 2576 1374 2614 liberalissime
1415 2576 1500 2613 mihi
