1759 2840
801 116 850 153 35

179 230 503 283 agumendafl).
569 229 707 270 Habet
726 232 876 279 autem,
914 231 960 272 id
983 232 1087 281 quod
1113 232 1189 272 huc
1215 233 1329 281 facit,
1367 233 1463 273 haec

179 286 385 339 tragoedia
415 284 545 336 plura
579 281 826 327 mannonis
860 261 1057 337 exemia,
1102 292 1202 336 quae
1237 264 1334 328 fines
1370 292 1463 327 usus

180 336 384 390 sophoclei
421 339 687 393 agre-diuum.
764 339 846 380 Sed
870 340 921 378 'de
945 340 1037 379 hac
1045 351 1094 379 re
1111 341 1236 380 alias:
1280 353 1381 381 nunc
1417 345 1463 380 ut

158 395 229 440 ‚ad
264 393 446 445 Aeschyli
480 392 626 442 locum,
672 404 698 433 a
731 403 808 450 quo
844 388 1011 452 profecti
1046 399 1195 443 simus,
1243 391 1461 444 redeamus,

178 446 297 497 etiam
324 451 415 489 tnta.
424 447 644 496 sententia
669 451 754 497 q'ua
769 442 1053 501 Clytaemestra
1079 449 1137 488 ad
1160 450 1304 489 Jovem
1324 451 1478 499 preces'

177 514 267 543 suas
295 502 451 551 dirigit,
478 502 616 563 (quae,
644 502 680 540 si
704 501 828 547 verba
852 498 1013 542 tradita*
1029 507 1125 542 sana
1152 505 1261 552 sunt,
1290 503 1344 543 sic
1371 504 1460 544 red-

178 556 306 597 denda.
341 559 423 596 est·
478 554 598 595 omae·
628 556 702 594 tibi
733 557 819 594 sint
847 561 1092 612 quaeeunque
1120 559 1365 608 perfecturus
1392 562 1460 605 es),

176 615 257 650 tam
284 609 487 672 languida,
525 611 608 647 tam
631 608 765 657 jejuna
777 613 873 657 est·‚
908 612 953 648 ut
990 610 1038 648 de
1065 609 1273 661 verborum
1290 611 1460 659 integri—

175 668 256 705 tate
285 664 452 715 suspicio
480 662 624 702 exoriri
662 662 815 703 debeat.
893 662 971 703 Sed
1004 663 1233 714 priusquam
1267 675 1367 717 quae
1404 664 1461 704 eis

176 719 328 759 medela
354 718 554 759 afferenda
580 718 632 757 sit
668 710 919 769 quaeramuS,
942 718 1058 757 sicut
1091 719 1136 758 ιιι
1167 718 1331 771 reliquis
1366 719 1460 758 locis

135 820 139 824 ¹
176 774 348 821 fecimus,
376 771 743 821 circumspiciendae
771 773 863 811 sunt
888 771 1075 811 rationes
1088 770 1199 821 aliae,
1231 772 1371 824 quibus
1397 773 1461 816 hic

173 828 289 868 locus
313 827 565 877 explicandus
601 825 718 866 alicui
765 826 891 866 videri
926 826 1059 876 possit.
1131 826 1313 867 Forsitan
1356 828 1460 867 enim

180 882 371 933 quispiam
407 882 571 920 dixerit:
616 881 749 921 τελεῖν
784 874 997 920 infinitivus
1025 892 1111 919 cum
1140 881 1258 930 μέλοι
1286 882 1459 930 optativo

175 935 464 985 conjungendus
492 937 533 974 et
560 933 627 987 qui
654 933 695 972 in
722 934 886 985 τῶνπερ
914 934 1093 984 genetivo
1122 934 1277 973 delituit
1303 946 1459 975 accusa-

175 990 277 1028 tivus
306 989 354 1028 ab
383 990 467 1039 ipso
489 985 651 1038 μέλλειν
676 986 795 1027 verbo
824 998 1032 1037 suspensus
1060 988 1260 1028 faciendus
1288 992 1359 1028 est.
1407 990 1460 1028 At

174 1046 373 1083 structura
388 1043 554 1093 μέλλειν
569 1057 617 1087 τι
630 1053 755 1109 neque
782 1041 832 1081 ab
854 1042 1041 1104 Aeschylo
1069 1053 1195 1095 neque
1223 1054 1247 1081 a
1272 1043 1457 1093 Sophocle

173 1100 362 1160 usurpata
379 1099 450 1146 est,
460 1096 540 1137 sed
545 1096 587 1135 hi
605 1095 770 1148 μέλλειν
780 1096 954 1145 verbum,
964 1096 1040 1136 nisi
1058 1095 1253 1145 significat
1271 1100 1457 1141 cunctari,

174 1152 257 1191 sine
284 1151 475 1196 infinitivo
503 1150 581 1190 non
608 1150 907 1201 struxerunt⁴⁸).
968 1150 1058 1190 Alia
1085 1154 1217 1190 autem
1242 1150 1357 1200 hujus
1384 1150 1457 1191 loci

177 1205 397 1254 explicandi
424 1205 526 1244 ratio
554 1205 595 1247 ιιι
620 1208 804 1253 promptu
831 1216 909 1244 non
936 1207 1007 1244 est.

265 1259 337 1299 His
351 1259 473 1309 igitur
494 1257 788 1299 difficultatibus
807 1259 1070 1299 circumvento
1083 1259 1178 1298 mihi
1194 1251 1458 1309 suppeditavit

173 1314 436 1363 conjecturam
452 1313 620 1352 Haasius
638 1324 674 1351 v.
689 1313 751 1361 cl.‚
781 1325 857 1365 qua
870 1313 1038 1362 probata
1065 1313 1229 1365 τῶνπερ
1257 1314 1458 1362 genetivus

172 1368 407 1408 attractione
434 1366 541 1406 nulla
569 1366 768 1416 optimum
783 1367 902 1407 habet
925 1367 1171 1418 explicatum.
1218 1367 1295 1407 Pro
1309 1367 1457 1420 μέλλης

171 1422 274 1462 enim
300 1422 334 1462 is
362 1421 609 1462 scribendum
634 1422 838 1471 proposuit
865 1421 997 1475 μέλῃ
1026 1422 1311 1472 conjunctivum
1346 1422 1457 1462 verbi

171 1477 327 1528 μέλειν,
358 1477 461 1529 quod
488 1476 709 1526 genetivum
736 1487 874 1525 regere
902 1465 1011 1518 solet.
1076 1476 1206 1528 Atque
1232 1477 1305 1527 hoc
1331 1488 1455 1517 reme—

173 1530 279 1569 dium
315 1542 387 1580 per
415 1541 457 1570 se
491 1529 730 1581 lenissimum
757 1530 907 1583 aliquid
935 1530 1278 1570 commendationis
1314 1531 1456 1580 accipit

171 1584 289 1624 etiam
324 1596 349 1624 a
385 1585 580 1634 scriptura
607 1583 845 1632 Florentini,
883 1584 946 1623 cui
980 1583 1081 1623 libro
1116 1594 1259 1633 magna
1287 1586 1454 1625 auctori-

171 1641 232 1677 tas
260 1638 469 1678 tribuenda
496 1640 567 1686 est,
596 1638 778 1691 quoniam
804 1638 867 1691 hic
894 1647 1030 1678 versus
1055 1644 1186 1691 neque⁴
1211 1639 1253 1678 in
1279 1639 1454 1679 Mediceo

169 1703 296 1754 neque
323 1693 364 1732 in
392 1692 546 1733 scholiis
574 1694 751 1732 servatus
771 1694 842 1731 est.
886 1691 1077 1732 'Conicere
1105 1692 1209 1731 enim
1237 1693 1329 1733 licet
1347 1694 1454 1745 μέλη

169 1747 455 1796 conjunctivum
483 1746 549 1800 qui
575 1746 616 1785 in
642 1746 715 1786 hoc
732 1746 833 1786 libro
852 1757 972 1796 supra
988 1746 1192 1796 scripto„
1219 1747 1395 1797 legitur
1382 1748 1454 1787 ιιιι-

169 1801 224 1840 tio
243 1812 391 1851 versus,
419 1801 509 1841 inde
538 1803 667 1840 ortum
695 1812 791 1850 esse,
808 1800 923 1858 quod
951 1801 1083 1841 oculus
1110 1801 1273 1842 librarii
1279 1801 1331 1847 ad
1347 1802 1454 1855 μέλῃ

171 1858 397 1916 sequentem
423 1856 589 1896 formam
615 1854 727 1894 verbi
754 1853 896 1906 μέλειν
923 1855 1143 1905 aberravit,
1182 1865 1281 1909 quae
1316 1858 1452 1906 postea

169 1909 250 1948 sive
277 1910 483 1950 oscitantia
510 1909 590 1949 sive
619 1909 779 1949 consilio
805 1909 847 1948 in
861 1908 969 1963 μέλλ
957 1924 1010 1961 ης
1026 1909 1192 1950 formam
1208 1913 1360 1950 mutata
1380 1913 1451 1950 est.

168 1963 287 2003 Haud
314 1964 434 2004 semel
467 1958 598 2004 autem
626 1963 769 2015 μέλειν
806 1966 847 2003 et
861 1924 1050 2015 ἰιμέλλειν
1094 1963 1216 2004 verba
1256 1965 1300 2003 in
1339 1964 1451 2004 libris

170 2018 445 2068 manuscriptis
472 2019 696 2068 permutata
724 2020 825 2057 sunt.
868 2016 986 2057 Loco
1013 2017 1103 2058 huic
1131 2018 1346 2068 simillimo,
1376 2030 1451 2072 quo

169 2072 339 2112 Haasius
366 2073 629 2123 conjecturam
655 2071 909 2138 confirmavit,
937 2071 1030 2112 Cho.
1058 2084 1094 2112 v.
1126 2076 1203 2113 780

348 2137 368 2160 ⁹
390 2126 502 2180 μέλει
528 2130 695 2167 θεοῖσιν
722 2120 860 2179 ωνπερ
889 2139 942 2166 αν
969 2126 1076 2192 μέλη
1105 2127 1213 2179 πέρι.

252 2236 297 2278 ⁴)
319 2235 371 2271 cf.
393 2221 555 2269 Wunderi
576 2204 819 2268 emendationes
841 2233 874 2266 in
896 2234 1331 2278 Soph.Trach',G1-immae
1356 2236 1448 2270 1841.

168 2276 1009 2364 Bergk)pgzesswzliilzugffltle{?1ffes1e,h.{}zk}lgndt
1031 2321 1093 2356 lex.
1102 2321 1171 2364 Sop
1173 2322 1204 2357 h
1227 2333 1253 2357 s.
1267 2334 1295 2355 v.
1312 2324 1438 2365 μεινέλλ

160 2364 376 2415 ⁴'Supplendu's
398 2369 449 2398 est
469 2364 641 2398 infinitivus
663 2363 761 2396 futuri
778 2377 834 2397 πει
830 2367 887 2409 'oco
888 2368 950 2398 θαι
972 2364 1067 2397 etiam
1078 2365 1198 2399 Aesch:
1218 2365 1310 2399 Pers.
1332 2377 1361 2399 v.
1384 2366 1449 2400 814

571 2450 739 2494 πάσχουσι,
760 2452 802 2486 τά
823 2449 859 2485 δὲ
879 2450 995 2495 μέλλον
977 2465 1038 2487 ναι.
1126 2421 1162 2441 ου
1165 2421 1184 2441 n
1206 2408 1282 2442 ἐλάα
1284 2422 1320 2442 ⁶⁰
1322 2422 1362 2441 α
