1759 2840
821 126 825 130 '
864 125 888 158 4

230 242 395 281 omissae
434 245 595 280 eruatur
634 240 917 288 discrimenque
962 238 1065 287 quod
1102 238 1204 276 inter
1241 238 1514 281 attractionem

229 295 441 350 admissam
469 297 510 334 et
536 294 718 333 omissam
731 293 942 334 intercedit
975 292 1217 342 explanetur
1256 289 1514 340 Quamobrem

227 352 311 388 tota
328 347 444 388 haec
480 348 656 397 quaestio
692 348 893 397 tripartita
929 346 1024 387 mihi
1058 346 1298 385 instituenda
1334 346 1418 385 visa
1455 349 1515 384 est

229 404 297 451 sic,
310 405 355 441 ut
367 403 537 451 primum
564 412 659 441 vera
674 402 921 442 attractionis
949 400 1128 449 exempla
1141 399 1369 449 proferrem,
1386 399 1531 449 altero¹

228 457 311 497 loco
339 468 387 496 ea
414 456 622 505 inquibus
650 455 834 496 attractio
862 458 932 495 aut
951 465 1156 505 perperam
1180 453 1274 493 viris
1290 453 1514 493 doctisvisa

228 514 297 549 aut
325 513 462 558 aperte
490 510 600 548 nulla
628 511 703 557 est,
720 510 896 557 denique
924 512 969 548 ut
996 508 1102 556 leges
1137 507 1276 555 quibus
1313 507 1513 556 attractio·
1561 533 1563 535 -

227 564 288 604 nis
316 574 409 603 usus
437 563 542 614 apud
556 562 790 614 Aeschylum
818 565 986 611 tenetur,
1015 571 1257 612 exponerem.

783 884 836 925 Ga
863 884 910 924 ut
936 884 967 924 Ι.

394 960 451 1001 De
480 959 579 1000 locis
607 958 798 1010 Aeschyli
824 894 865 1000 i}
892 960 1033 1011 quibus
1062 963 1126 1000 ost
1152 960 1358 1001 attractio.

339 1069 426 1107 Duo
463 1059 556 1108 licet
590 1079 735 1117 genera
782 1068 1091 1108 enuntiationum
1134 1068 1219 1108 rell.
1258 1070 1516 1117 attractarum

234 1123 503 1171 distinguere,
523 1125 569 1160 ut
596 1122 672 1161 duo
700 1124 792 1160 sunt
817 1132 962 1170 genera
999 1122 1208 1170 nominum,
1236 1132 1400 1170 quorum
1427 1120 1517 1159 illae

229 1176 378 1216 vicibus
414 1176 642 1225 funguntur,
671 1175 914 1215 substantiva
952 1179 993 1215 et
1028 1176 1230 1226 adJectiva.
1290 1174 1516 1214 Enuntiatio
1550 1201 1553 1204 -
1599 1186 1602 1189 ·

230 1231 334 1270 enim
360 1231 431 1269 rel.
459 1233 551 1270 attr.
581 1232 651 1269 aut
678 1241 749 1278 per
777 1229 1022 1269 concordiam
1050 1241 1165 1279 quam
1189 1230 1323 1269 dicunt
1339 1228 1516 1275 struitur,

231 1284 264 1324 si
292 1283 535 1324 substantivo
564 1283 748 1324 attributi
777 1284 861 1324 loco
889 1283 1061 1333 additur,
1090 1287 1159 1324 aut
1186 1294 1257 1334 per
1295 1282 1517 1330 rectionem,

231 1340 263 1377 si
291 1350 369 1378 non
405 1339 457 1378 ad
492 1339 776 1377 substantivum
811 1339 951 1386 relata,
989 1339 1058 1377 sed
1094 1350 1166 1387 per
1200 1348 1242 1377 se
1286 1341 1466 1377 constans
1493 1349 1517 1375 a

229 1392 416 1431 vocabulo
455 1392 733 1431 enuntiationis
769 1392 991 1440 primariae,
1030 1392 1132 1440 quod
1172 1395 1241 1431 aut
1276 1402 1415 1430 nomen
1434 1393 1520 1429 -aut

229 1446 392 1487 verbum
419 1449 489 1495 aut
514 1445 742 1486 adverbium
770 1449 843 1495 est,
862 1446 1024 1495 regitur.
1049 1445 1163 1486 Prius
1181 1444 1372 1496 appellari
1390 1446 1519 1495 potest

229 1512 351 1548 genus
380 1501 766 1547 attributivum,
799 1501 966 1539 alterum
988 1500 1389 1539 substantivum·
1418 1510 1516 1546 quae

230 1566 331 1594 nunc
346 1554 527 1603 deinceps
555 1554 596 1592 in
623 1553 793 1592 medium
812 1554 1009 1616 proferam
1037 1554 1108 1594 hoc
1123 1554 1271 1602 ordine,
1284 1555 1330 1592 ut
1342 1552 1391 1591 ab
1407 1552 1518 1591 attri-

229 1608 363 1648 butivo
382 1620 525 1657 genere
553 1608 746 1657 incipiam,
775 1608 877 1676 quod
904 1609 1013 1658 prius
1042 1612 1082 1648 et
1094 1608 1284 1648 vetustius
1303 1607 1377 1647 fuit
1404 1618 1518 1656 quam

230 1662 543 1702 substantivum.

829 1738 917 1787 §L

232 1800 288 1841 De
319 1801 559 1841 attributivo
587 1811 732 1854 genero
762 1801 1073 1841 enuntiationum
1108 1800 1196 1841 rell.
1228 1801 1517 1856 ‚attractarum

342 1879 426 1925 Quo
454 1873 606 1917 facilius
634 1878 675 1916 id
694 1877 798 1929 quod
826 1878 964 1916 docere
993 1878 1167 1917 volumus
1196 1878 1371 1927 intellegi
1384 1872 1517 1926 possit,

231 1932 408 1982 exempla
444 1932 529 1982 ipsa
566 1932 606 1971 in
641 1932 769 1972 fronte
809 1931 928 1970 totius
966 1931 1242 1982 disputationis
1278 1932 1518 1979 collocemus

232 1998 331 2041 quae
360 1990 451 2027 sunt
478 1987 567 2035 duo,

336 2042 481 2104 Agam..
502 2053 538 2081 v.
568 2045 645 2081 812
675 2040 830 2105 (779)⁷)

392 2095 560 2147 πρῶτον
587 2098 668 2148 μὲν
717 2091 873 2158 ”Λργος
902 2097 968 2134 καὶ
996 2090 1126 2139 θεοὺς
1155 2094 1371 2147 ἐγχωρίους

394 2149 481 2213 δίκη
510 2155 754 2202 προσειπεῖν
781 2163 894 2214 vovi,-z
910 2150 1003 2199 ἐμοὶ
1027 2149 1265 2212 μεταιτίους

397 2198 553 2242 νόστου
593 2202 761 2241 δικαίων
789 2197 834 2241 θ’
863 2216 920 2241 ων
950 2196 1195 2253 ἐπραξάμην
1222 2200 1348 2241 πόλιν

394 2254 609 2309 Πριάμου.

319 2376 346 2418 ⁷)
391 2374 479 2408 Usus
507 2386 577 2408 sum
606 2374 799 2408 editionibus
829 2374 992 2408 Teubneri
983 2374 1080 2407 sanis.
1113 2374 1265 2425 Aeschyli
1288 2378 1321 2407 et
1344 2373 1518 2417 Sophoclis

231 2419 452 2457 Dindorfiana,
485 2418 646 2461 Euripidis
675 2418 875 2451 Nauekiana.
920 2418 1052 2451 Numeri
1083 2418 1174 2450 uncis
1208 2417 1320 2450 inclusi
1352 2421 1428 2449 sunt
1449 2417 1516 2449 edi-

231 2462 329 2495 tionis
352 2462 527 2495 Hermanni
520 2472 622 2496 ianae.
