1759 2840
813 98 869 146 '21

253 217 776 276 Qmequumitasint,
820 198 1485 276 nequeattractiohociocosta-

134 292 136 294 ·
191 248 356 320 *tuenda
382 285 512 330 neque
532 279 735 330 genetivus
761 254 898 331 ὦνπερ
925 289 1013 320 cum
1039 275 1279 320 Robort'ello
1291 278 1334 325 in
1373 289 1486 319 aceu-

128 362 131 363 .
209 334 376 378 sativum
401 333 620 384 sinffllaris
638 331 771 385 ὅνπερ·
791 289 1007 378 mutandus
1032 337 1132 373 est.
1156 333 1280 373 Immo
1301 343 1395 373 vero
1422 332 1486 373 hic

208 387 414 433 mendosus
436 387 671 439 ,iudicandus
695 390 788 437 est,
808 388 990 437 queniam
1004 394 1152 453 neque
1161 387 1239 429 ab
1242 383 1360 441 ἑξεύχ
1362 390 1485 427 εσθαι

208 441 328 483 verbo
355 453 481 492 neque
507 453 532 481 a
559 441 752 482 locutione
778 443 836 486 ete
863 438 967 493 ὄψιν
983 436 1111 492 ἥκειν
1136 441 1308 492 pendere
1342 443 1495 491 potest.-

180 527 184 533 .
208 495 309 536 Nam
335 506 571 548 quamquam
596 495 773 545 exempla
794 495 1008 536 accusativi
1035 506 1058 535 e
1092 494 1349 536 locutionibus
1382 505 1485 535 com-

206 550 352 601 positis
369 550 453 601 apti
478 550 599 600 apud
609 550 779 599 tragicos
804 550 911 591 haud
945 561 1039 590 rara
1072 553 1174 600 sunt,
1217 552 1349 614 tamen
1388 548 1485 590 haec
1553 609 1559 615 ἢ

196 604 371 645 Jioentxe
390 612 568 654 prorsus
578 603 756 644 inaudita
783 607 886 644 esset
901 604 966 655 ὓ).

235 677 238 679 -
305 657 488 700 Similem
514 667 603 707 ego
614 656 766 708 ellipsin
800 657 1063 699 adhibendam
1103 668 1188 698 esse
1224 667 1362 698 censeo
1400 649 1483 698 loco

210 711 348 777 altero
365 713 471 779 Sept.
497 723 536 752 v.
567 714 646 752 310
668 712 799 777 (291).
1279 751 1281 753 .

319 762 498 832 α’φέντες
525 780 607 808 ταν
633 761 879 830 βαθύχθον’
906 764 1004 807 αἶαν

213 838 216 839 ’
246 863 248 866 ,
311 818 421 886 ὕδωρ
448 834 496 861 τε
520 820 731 874 Διρκαῖον,
767 815 1110 886 ειῖτραφέστατον
1139 833 1365 873 πωματων,

315 871 426 915 ὅσων
440 878 563 940 ἵησιν
590 872 804 919 Ποσειδὼν
831 872 855 914 ό
881 889 1078 929 γαιαοχος

323 923 498 980 Τηθυσς
525 942 572 969 τε
582 926 778 977 naides„

207 984 248 1023 in
275 994 350 1033 quo
377 985 423 1022 ut
449 994 473 1022 a
499 982 720 1023 Wellauero
748 985 789 1022 et
815 982 984 1022 Krausio
1012 983 1243 1023 dissentiens
1264 982 1484 1033 genetivum

206 1035 318 1078 ὅσων
345 1047 423 1076 ιιοιι
449 1036 497 1076 θιι
524 1036 759 1076 attractione
786 1039 927 1084 ortum,
955 1036 1024 1076 sed
1052 1048 1076 1076 a
1104 1037 1346 1077 substantivo
1377 1034 1484 1087 ὕδωρ

206 1091 259 1132 ad
286 1095 398 1144 ἵησιν
423 1090 587 1132 verbum
613 1090 825 1141 repetendo
852 1095 1082 1141 suspensum
1111 1091 1249 1141 dicam,
1287 1090 1484 1141 plusuna

207 1156 326 1186 causa
360 1156 423 1184 me
457 1148 668 1195 permovet.
723 1145 779 1185 Ac
815 1146 985 1199 primum
1018 1145 1174 1195 quidem
1207 1145 1485 1186 enuntiationis

205 1199 276 1240 rel.
299 1199 430 1249 major
456 1202 519 1239 est
543 1198 712 1239 ambitus
739 1208 856 1248 quam
881 1199 1158 1243 enuntiationis
1191 1200 1262 1239 rel.
1291 1202 1484 1253 attractae

206 1263 291 1294 esse
318 1253 417 1293 solet
443 1256 485 1293 et
509 1264 585 1303 par
610 1255 681 1293 est.
735 1253 793 1293 Ac
834 1264 884 1292 ne
916 1253 1021 1303 apud
1058 1254 1292 1305 posteriores
1314 1249 1485 1314 quidem

208 1309 417 1359 scriptores
444 1308 750 1348 enuntiationem
775 1307 846 1347 rel.
874 1310 1084 1348 attractam
1112 1308 1300 1371 ejusmodi
1311 1307 1485 1369 cognovi,

209 1373 309 1412 quae
336 1362 615 1425 comprehensa
640 1364 744 1401 esset
779 1361 953 1427 subjecto
988 1361 1198 1411 bipartito,
1227 1363 1338 1412 cujus
1376 1361 1485 1411 prior

204 1427 309 1466 pars
308 1405 604 1469 appositionem
630 1411 671 1465 (ὅ
688 1410 917 1481 χαιάοχος]
938 1414 1115 1464 haberet,
1143 1416 1271 1456 altera
1282 1426 1376 1466 pars
1390 1415 1485 1454 duo-

205 1469 278 1511 bus
316 1468 514 1511 vocabulis
550 1467 747 1523 (Τηθνος
782 1467 947 1519 παῖδες)
985 1470 1261 1511 contineretur.
1316 1468 1485 1509 Gravius

143 1557 146 1561 .
205 1526 324 1566 etiam
350 1527 411 1564 est
436 1513 604 1564 alterum
619 1525 901 1587 argumentum,
930 1523 1033 1573 quod
1047 1522 1265 1575 exemplum
1283 1523 1484 1564 attractio—

204 1579 292 1618 nis'
280 1589 322 1618 ιιι
342 1578 468 1617 forma
493 1577 729 1627 pronominis
755 1577 827 1616 rel.
855 1575 952 1621 ὅσος
978 1577 1170 1618 admissae
1188 1579 1295 1628 apud
1313 1578 1484 1626 tragicos

205 1631 362 1682 quidem
395 1634 505 1671 extat
544 1630 705 1679 nullum,
750 1630 856 1680 apud
893 1630 1063 1680 reliquos
1104 1635 1236 1677 autem
1275 1632 1485 1682 scriptores

205 1689 341 1726 extare
367 1685 524 1726 videtur
549 1684 710 1724 nullum.
765 1683 897 1724 Habes
924 1685 1028 1724 enim
1055 1686 1319 1726 accusativum
1343 1696 1485 1736 prono·

204 1740 319 1781 minis
344 1739 416 1780 rel.
443 1736 540 1784 ὅσος
566 1739 618 1779 ad
645 1738 867 1788 genetivum
893 1741 964 1779 aut
991 1727 1164 1779 dativum
1192 1740 1357 1780 nominis
1382 1739 1484 1780 rela—

205 1798 289 1836 tum
316 1794 377 1835 his
405 1794 498 1834 locis
526 1792 635 1844 Tyrt.
664 1792 713 1832 fr.
745 1795 769 1832 6
798 1793 869 1845 (5),
907 1795 938 1835 3
967 1804 1006 1843 p.
1020 1797 1133 1834 318.
1135 1794 1279 1845 Bergk.
1313 1793 1484 1843 Theogn.

205 1842 504 1890 v.850.1>ind
532 1847 582 1887 fr
612 1850 701 1887 205.
713 1847 846 1896 Bergk
873 1848 969 1899 (138
991 1842 1138 1899 schns.)
1168 1848 1284 1899 Soph.
1313 1848 1409 1888 Oed.
1437 1849 1483 1888 R.

210 1905 325 1945 1298.
354 1902 493 1942 Ttach.
526 1904 641 1942 1150.
670 1900 766 1941 Oed.
795 1901 876 1941 Col.
906 1903 997 1943 223.
1025 1902 1124 1942 Phil.
1157 1906 1271 1943 1161.
1299 1902 1393 1942 Eur.
1416 1902 1483 1943 Or.

209 1959 298 1997 701.
325 1956 482 2007 Hippol.
512 1959 603 1996 849.
632 1955 716 2005 Iph.
731 1955 778 1995 A.
797 1958 887 1995 639.
897 1955 992 1999 Tro.
1010 1959 1099 1996 769.
1115 1957 1312 2007 Aristoph.
1330 1957 1484 1997 Daetal.

208 2010 257 2051 fr.
285 2010 354 2050 XI.
385 2009 519 2062 (Mein.
547 2009 597 2049 fr.
625 2020 720 2049 com.
738 2009 790 2050 II.
817 2018 860 2059 p.
879 2010 1011 2060 1030).
1043 2010 1181 2060 Eupol.
1184 2011 1365 2064 χρυσοῦν
1397 2007 1484 2064 γέν.

209 2064 258 2105 ir.
287 2064 319 2104 1.
349 2064 483 2116 (Mein.
512 2063 572 2103 II.
592 2075 629 2113 p.
670 2063 777 2114 535.)
816 2062 923 2103 Com.
964 2064 1039 2104 inc.
1076 2064 1124 2104 fir.
1158 2067 1218 2105 15.
1247 2064 1382 2117 (Mein.
1423 2064 1484 2105 ed.

208 2119 300 2160 min.
329 2129 367 2167 p.
383 2117 516 2168 1190).
544 2117 683 2157 Sta-att.
711 2117 856 2157 Phoen.
884 2117 932 2156 fr.
963 2120 999 2157 2.
1029 2118 1099 2169 (M.
1113 2118 1181 2158 IV.
1198 2130 1236 2168 p.
1254 2119 1361 2169 545).
1382 2119 1483 2160 Her.

205 2172 274 2222 IV,
304 2174 368 2222 61,
400 2175 444 2221 1;
476 2172 565 2221 110,
597 2170 764 2212 LThtic.
792 2171 861 2219 VI,
890 2173 955 2221 47,
979 2175 1023 2221 1;
1050 2172 1140 2222 VII,
1170 2176 1233 2221 61,
1250 2175 1285 2213 2.
1299 2172 1484 2223 Hippocr.

209 2321 455 2363 πολλαποῖνιε,
476 2320 597 2376 ὅπερο
598 2322 931 2377 πιοιητοὸναῑπιοσ
970 2321 1485 2367 ἑνόσὸποιωὸθλιμέςμωσλέ-

206 2376 296 2408 γουσι
316 2364 409 2406 hp&
408 2376 482 2398 ασε
482 2363 511 2398 ἵε
533 2364 712 2405 'Anna-015⁶.

293 2406 348 2450 θ’)
360 2405 413 2448 Cf.
434 2407 489 2442 Fr.
511 2406 694 2440 Trawinski
716 2407 758 2441 de
779 2407 954 2444 accusativi
975 2417 1016 2441 ex
1036 2391 1209 2451 phran'hus
1230 2409 1298 2452 apti
1320 2409 1483 2453 apudtn
1526 2446 1529 2450 ,

207 2449 299 2494 gicoe
321 2460 460 2495 graecos
476 2452 553 2493 usu,
568 2449 711 2484 Ber-oliui
728 2449 821 2486 1865
840 2460 884 2494 p.-
882 2451 974 2494 -.4sq
