1759 2840
871 102 922 140 42

260 217 320 256 El.
350 220 440 257 408.
480 219 571 257 441.
609 217 703 257 Eur.
741 217 836 258 Hec.
870 220 984 259 1051.
1015 216 1148 269 Suppl.
1179 219 1270 263 274,
1297 217 1420 257 Andr.
1451 221 1540 262 570.

263 271 354 311 Tro.
380 274 494 311 1080.
524 270 591 311 Or.
615 274 703 311 121.
720 271 779 311 El.
801 274 915 311 1002.
944 271 1060 311 Herc.
1080 271 1172 311 Fur.
1194 273 1284 312 967.
1302 271 1423 317 Rhes.¹
1450 274 1540 312 945.

357 346 457 387 Cum
483 347 560 388 hoc
587 347 672 388 loco
700 350 888 397 cognatus
916 350 977 388 est
1003 347 1115 386 Eum.
1146 359 1181 387 v.
1213 349 1289 387 605
1319 348 1433 400 (595)

425 418 500 462 οὐκ
535 417 591 475 ἦν
619 420 807 476 ὅμαιμος
835 419 986 475 φωτός,
1015 419 1076 463 ὃν.
1093 421 1366 481 κατέκτανεν..

362 497 464 537 Nam
491 498 555 539 hic
583 509 735 548 quoque
763 499 979 538 enuntiatio
1007 497 1077 539 rel.
1096 509 1184 537 cum
1207 493 1344 559 φωτός
1358 499 1537 548 genetivo

250 552 417 591 nominis
444 563 521 592 non
548 553 589 592 in
625 556 746 592 u'num
783 551 1007 601 conflanda,
1045 551 1114 591 sed
1150 551 1200 591 ab
1237 555 1282 591 eo'
1317 553 1538 603 separanda

254 610 324 645 est.
354 606 429 653 Qui
443 606 547 646 enim
577 602 663 655 φώς
691 606 977 655 intellegendus
1005 606 1068 654 sit,
1097 606 1192 645 satis
1221 606 1350 645 elucet
1377 618 1398 646 e
1420 618 1536 646 versu

250 659 521 699 antecedenti:
560 656 900 711 ἀνδροκτονοῦσα
929 660 1072 711 πατέρ’
1119 655 1227 711 ἐμόν
1268 660 1532 704 κατέκτανεν.

246 712 416 753 Summa
443 714 582 754 totius
593 714 787 754 enuntiati
814 714 871 754 sic
897 713 1100 754 reddenda
1128 715 1208 752 est:
1267 715 1420 753 occidit
1446 727 1536 752 sane

251 768 381 813 virum,
408 769 477 806 sed
505 771 614 820 cujus
641 770 922 820 comanyuinea
958 780 1034 806 non
1069 771 1175 805 esset.
1245 765 1401 806 Scilicet
1416 787 1418 790 ·
1436 765 1533 806 haec

248 821 309 858 est
349 820 544 860 sententia
585 820 803 870 Erinnyum
845 832 923 860 non
966 831 1086 869 penes
1127 830 1168 859 se
1219 831 1304 860 esse
1346 820 1532 869 ultionem

250 872 574 922 Clytaemestrae,
604 874 746 924 quippe
774 885 875 923 quae
892 886 970 914 non
985 874 1315 930 consanguineum
1334 874 1531 914 occiderit.

247 926 386 976 Itaque
416 928 632 969 enuntiatio
659 928 731 967 rel
751 925 803 968 ὃν
823 929 1076 969 κατέκτανεν
1092 939 1232 968 causae
1248 928 1531 976 adversativae,

249 991 368 1029 quam
418 981 572 1030 dicunt,
616 982 696 1021 vim
722 981 853 1022 habet.
893 982 1079 1030 Contra,
1116 982 1150 1021 si
1186 981 1399 1048 Aeschylus
1436 981 1530 1021 scri-

240 1034 401 1085 psisset,
439 1036 543 1085 quod
569 1047 642 1086 per
669 1038 838 1076 metrum
871 1036 992 1086 licuit,
1041 1030 1091 1076 οὗ
1120 1035 1388 1093 κατέκτανεν,
1425 1035 1522 1076 haec

241 1093 345 1128 esset
380 1091 596 1130 sententia:
660 1092 738 1128 viri
770 1092 965 1141 interfecti
998 1103 1074 1128 non
1114 1098 1197 1128 erat
1224 1079 1529 1140 consanguinea„

245 1153 323 1191 qua
361 1143 409 1182 de
447 1143 726 1192 enuntiationis
762 1143 833 1182 rel.
872 1143 1063 1193 dignitate
1098 1142 1263 1182 multum
1309 1141 1528 1181 detractum

241 1196 326 1237 fore
348 1197 431 1247 Jam
459 1209 537 1237 non
565 1197 640 1238 est
652 1197 756 1247 quod
783 1196 960 1246 pluribus
988 1208 1189 1247 exponam.

348 1251 501 1300 Agmcn
529 1251 795 1300 exemplorum
822 1254 937 1299 cogat
964 1252 1075 1290 Eum.
1103 1263 1139 1289 v.
1171 1251 1248 1290 514
1278 1250 1391 1300 (509)

370 1321 491 1367 ταῦτ’
519 1321 602 1391 ἔστ’
630 1321 792 1391 α’ληθῆ·
836 1321 969 1367 πολλα
998 1320 1033 1366 δ
1059 1324 1230 1366 ἐκλείπω
1259 1324 1387 1379 λέγων

374 1380 522 1432 κακῶν,
551 1378 579 1420 ἁ
608 1377 797 1432 Πέρσαις
825 1376 1142 1433 ἐγκατέσκηψεν
1159 1374 1273 1424 θεός.

347 1455 405 1496 Ac
433 1468 482 1496 ne
510 1456 573 1496 hic
600 1455 757 1505 quidem
786 1456 996 1496 necessitas
1024 1454 1306 1496 enuntiationis
1333 1455 1403 1494 rel.
1442 1455 1526 1495 adi-

248 1510 422 1554 ciendae
437 1511 479 1550 in
505 1510 753 1550 antecedenti
780 1511 934 1550 nomine
961 1510 1089 1560 posita
1117 1513 1197 1558 est,
1226 1509 1295 1548 sed
1323 1520 1370 1549 ea
1406 1510 1446 1548 in
1483 1521 1524 1549 se

237 1564 323 1613 ipsa
351 1575 510 1604 causam
535 1576 606 1604 cur
633 1563 805 1604 addatur
831 1563 962 1604 habet.
1003 1564 1111 1612 Quae
1150 1563 1253 1602 enim
1289 1559 1391 1603 κακά
1433 1564 1522 1612 sint,

234 1618 282 1657 iis
311 1628 412 1667 quae
440 1621 735 1658 antecesserunt
762 1621 875 1657 extra
903 1629 1055 1657 omnem
1091 1617 1375 1657 dubitationem
1411 1628 1524 1657 voca-

233 1675 319 1711 tum
346 1675 417 1712 est.
474 1672 553 1713 Sed
579 1672 652 1712 hoc
679 1672 807 1721 ipsum
834 1683 912 1712 non
939 1672 1069 1722 exigui
1096 1668 1280 1711 momenti
1309 1674 1380 1719 est,
1409 1674 1455 1710 ut
1482 1671 1522 1710 in

234 1725 311 1765 fine
340 1727 579 1767 narrationis
611 1726 801 1777 judicium
840 1727 888 1766 de
916 1738 1036 1766 causa
1072 1728 1113 1765 et
1148 1726 1296 1775 origine
1331 1725 1522 1765 malorum

236 1791 335 1833 quae
364 1782 479 1820 modo
506 1783 735 1830 persecutus
763 1784 824 1820 est
849 1782 1007 1820 nuntius
1034 1779 1271 1830 proferatur.
1325 1781 1428 1829 Apte
1454 1780 1523 1819 ho-

231 1845 321 1874 rum
347 1834 558 1875 verborum
585 1845 722 1875 sensus
750 1835 806 1875 sic
845 1835 1046 1875 redditur:
1108 1835 1227 1873 multa
1254 1831 1522 1885 praetermitto

231 1889 345 1932 mala,
373 1889 447 1926 Ιιοο
473 1901 561 1927 vero
587 1901 699 1926 unum
727 1890 848 1932 addo,
873 1902 898 1926 a
923 1890 998 1926 deo
1026 1901 1071 1926 ea
1090 1888 1222 1924 Persis
1249 1887 1399 1936 inflicta
1432 1899 1520 1924 esse.

230 1940 415 1981 Nonnihil
449 1940 570 1982 habet
610 1941 876 1982 similitudinis
921 1940 1027 1981 locus
1072 1939 1238 2006 Lysiae
1259 1950 1315 1979 or.
1368 1942 1428 1990 12,
1468 1943 1519 1980 96

230 1991 531 2058 αναμνήσθᾞτε
567 1995 612 2036 δὲ
648 1999 716 2036 καὶ
744 1996 831 2036 τῶν
859 1992 995 2035 αλλων
1023 1994 1179 2041 κακῶν,
1209 1991 1238 2033 ὁὶ
1266 1971 1519 2035 πεπόνθατε

227 2062 290 2088 vn
330 2062 484 2090 αυτων

334 2102 415 2143 Sed
442 2103 542 2143 haec·
566 2103 755 2144 hactenus
783 2103 833 2143 de
859 2103 953 2144 locis
980 2103 1021 2143 in
1048 2102 1188 2152 quibus
1207 2105 1286 2142 est
1321 2102 1511 2155 accusati-

225 2167 323 2196 vus
319 2158 574 2206 pronominis
600 2158 671 2197 rel.
700 2158 752 2198 ad
779 2158 1003 2206 genetivum
1039 2160 1112 2225 aut
1138 2156 1313 2197 dativum
1347 2152 1513 2196 nominis

226 2210 463 2251 substantivi
487 2211 650 2251 relatus.

333 2266 527 2314 Quoniam
553 2266 677 2315 igitur
703 2266 807 2306 locos
834 2265 1007 2315 singulos
1044 2265 1084 2304 in
1123 2263 1262 2318 quibus
1298 2263 1513 2315 Aeschylus

227 2320 504 2366 attractionem
533 2324 603 2361 aut
643 2321 802 2360 admisit
829 2323 901 2360 aut
940 2320 1070 2359 omisit
1109 2319 1420 2369 percensuimus,
1449 2330 1513 2359 su-

222 2378 366 2425 perest,
395 2377 441 2416 ut
468 2386 516 2416 ex
543 2375 592 2416 iis
620 2385 720 2426 quae
738 2375 936 2426 hucusque
959 2374 1229 2426 proposuimus
1248 2385 1436 2414 summam
1455 2373 1512 2414 fa-

221 2441 379 2471 ciamus.
