1759 2840
833 83 973 123 41*

194 198 199 203 ’
222 205 337 254 hujus
353 214 531 253 persona
550 202 815 246 'describenda
843 205 927 241 tota
953 201 1341 247 antecedensnuntii
1376 201 1501 242 oratio

222 258 313 301 inde
340 269 364 297 a
389 269 427 297 v.
456 259 546 296 526.
574 259 730 296 versata
757 259 828 295 est
874 254 1051 295 Eteocles
1078 258 1211 296 autem
1235 255 1345 296 illum
1361 265 1501 305 prono-

222 312 324 352 mine
353 311 655 374 demonstrativo
683 310 874 350 indicasse
902 320 979 349 non
1008 309 1103 349 satis
1130 309 1278 351 habens
1305 309 1418 352 addit
1452 322 1503 348 ον

223 363 350 419 λέγεις
378 363 455 404 τόν
482 360 680 415 Ἀρκάδα,
717 374 835 414 quum
861 362 982 403 verba
1008 362 1193 413 respiciat
1230 363 1369 413 quibus
1405 374 1501 402 nun-

223 421 305 460 tius
328 420 666 469 Parthenopaeum
694 418 953 479 descripserat
979 418 1031 471 (v.
1062 418 1156 469 527)

358 494 694 546 Παρθενοπαῖον
720 488 899 545 Ἀρκαδ’,
939 488 1201 545 Ἀταλάντης
1228 490 1369 548 γόνον.

301 580 476 631 Nempe
503 581 545 620 in
571 580 797 628 memoriam
830 591 1015 631 revocare
1051 578 1136 621 vult
1169 575 1380 632 superbam
1406 580 1501 621 Par-

223 635 429 683 thenopaei
448 635 712 699 jactationem,
741 645 815 683 quo
843 635 976 675 acrior
997 633 1161 675 exsistat
1183 636 1371 684 oppositio
1399 636 1503 674 inter

224 689 325 728 hunc
352 685 415 736 (σς
443 702 517 728 ουκ
545 683 819 741 ἀκόμπαστός
846 682 882 740 γ’
909 687 1127 739 ἐφίσταται
1157 686 1316 752 πύλαις
1334 700 1369 729 v.
1387 689 1502 755 540)

225 747 265 790 et
283 744 464 793 Actorem
490 743 556 792 qui
583 743 620 788 ei
646 742 895 784 adversarius
915 746 975 784 e'st
988 743 1219 785 constitutus
1235 736 1359 795 (οἷνηρ
1375 739 1502 792 duona-

225 812 326 843 πος,
368 797 451 849 χεὶρ
490 793 525 835 δ’
552 793 628 846 ὁρᾷ
656 793 707 835 τό
737 793 974 847 ὃραοιμον).
1008 818 1063 825 -
1095 797 1151 836 Ut
1177 800 1310 837 autem
1336 797 1412 845 hic,
1446 781 1503 836 ita

226 850 385 901 reliquis
413 861 563 900 quoque
597 850 701 899 locis,
739 849 878 901 quibus
911 861 1124 900 pronomen
1155 826 1503 892 demonstrativum

228 903 298 944 ὅδε
324 916 396 954 per
423 916 464 944 se
495 908 675 947 constans
702 904 936 954 substantivi
971 909 1105 954 partes
1140 898 1260 954 tenet,
1295 906 1344 945 ab
1383 917 1504 945 enun-

226 959 387 999 tiatione
415 958 466 998 ad
494 958 590 998 illud
617 957 744 998 relata
771 959 954 999 attractio
982 958 1093 1000 afuit.
1123 958 1181 998 Cf.
1195 959 1318 1009 Soph.
1339 957 1400 1009 Aj.
1412 962 1502 1008 255.

227 1013 286 1052 El.
317 1016 407 1061 441.
435 1012 526 1052 Ant.
557 1016 645 1052 666.
674 1012 767 1052 Eur.
795 1007 882 1052 Hel.
918 1016 1009 1053 896.
1077 1014 1188 1053 Idem
1223 1013 1330 1053 cadit
1364 1014 1405 1053 in
1438 1025 1505 1056 eas

227 1055 512 1117 enuntiationes
536 1064 624 1112 rellss
653 1077 752 1121 quae
779 1066 831 1105 ad
856 1063 1070 1116 pronomen
1096 1067 1301 1116 personale
1327 1060 1504 1106 referun-

213 1124 304 1170 tur,
334 1124 378 1160 ut
407 1120 521 1170 Soph.
550 1120 648 1160 Phil.
680 1118 769 1161 977.
798 1120 892 1161 Eur.
921 1120 1010 1161 Tro.
1041 1124 1131 1164 902.
1159 1121 1315 1172 Hippol.
1349 1124 1463 1161 1061.

335 1175 415 1214 Nec
452 1186 544 1213 vero
582 1186 659 1221 non
692 1175 872 1214 idoneam
906 1187 1064 1216 causam
1104 1176 1243 1216 habuit
1277 1176 1503 1225 Aeschylus,

228 1232 272 1268 ut
299 1230 573 1277 accusativum,
601 1240 691 1268 non
705 1229 927 1278 genetivum
941 1230 1178 1279 pronominis
1197 1229 1268 1272 rel.
1286 1233 1506 1280 usurparet,

229 1284 335 1322 Pers.
364 1296 398 1322 v.
420 1286 497 1322 920
526 1283 638 1335 (901)
742 1293 746 1296 ’

221 1341 223 1343 ’
440 1360 444 1365 ,
680 1331 835 1383 ὀτοτοῖ,
871 1334 1043 1401 βασιλεῦ
1071 1337 1290 1390 στρατιᾶς
1298 1333 1467 1404 ἀγαθῆς

679 1404 744 1429 και
774 1385 1053 1453 Περσονόμου
1081 1391 1209 1445 τιμῆς
1232 1391 1421 1445 μεγαλης,

679 1440 840 1508 κᾴσμου
869 1439 904 1484 τ’
930 1440 1105 1500 ἀνδρῶν,

679 1495 752 1542 οὓς
780 1498 861 1538 νῦν
889 1497 1063 1550 δαίμων
1078 1498 1297 1564 ἐπέκειρεν.

336 1554 612 1593 Enuntiatione
639 1552 715 1593 rel..
738 1564 814 1593 non
841 1555 934 1594 nota
948 1554 1093 1594 nomini
1121 1551 1267 1603 ἄνδρες
1287 1553 1506 1608 inhaerenS,

230 1608 299 1647 sed
339 1619 456 1647 causa
497 1606 787 1647 lamentationis
827 1607 1059 1648 continetur.
1115 1608 1254 1670 Itaque
1298 1608 1370 1649 hac
1414 1608 1507 1649 licet

229 1662 565 1702 circumlocutione
592 1662 670 1701 uti:
723 1663 805 1710 fuit
833 1661 950 1700 decus
976 1663 1153 1705 virorum,
1186 1674 1286 1700 nunc
1320 1674 1407 1700 vero
1443 1676 1507 1703 eos

230 1718 430 1753 demessuit
454 1717 569 1759 dein,-
619 1717 777 1763 fuerunt
805 1711 972 1764 ανδρες,
997 1727 1099 1754 nunc
1125 1719 1212 1753 sunt
1238 1714 1386 1764 νεκροί.
1436 1714 1506 1757 At—

229 1768 369 1808 tractio
397 1769 538 1807 omissa
564 1777 687 1817 aeque
714 1768 830 1816 atque
869 1766 949 1807 νῦν
985 1760 1179 1816 particula
1218 1767 1373 1816 adjecta
1407 1768 1508 1812 indi-

230 1825 321 1862 cant
347 1822 651 1864 enuntiationem
677 1820 759 1869 rel„
787 1824 832 1861 ut
858 1832 959 1870 quae
985 1817 1305 1866 antecedentibus
1331 1823 1508 1872 opposita

230 1877 293 1925 sit,
321 1887 345 1915 a
372 1877 410 1915 vi
438 1879 478 1915 et
505 1876 695 1925 dignitate
723 1875 998 1916 enuntiationis
1023 1877 1234 1925 primariae
1250 1887 1328 1918 non
1343 1877 1508 1922 multum

229 1930 376 1971 abesse.
405 1930 483 1973 Fac
510 1943 603 1972 vero
630 1929 863 1981 Aeschylum
891 1929 1091 1980 scripsisse
1107 1927 1258 1981 κόσμου
1285 1926 1322 1970 τ’
1342 1926 1510 1981 ἀνδρῶν

230 1979 287 2024 ὧν
315 1985 382 2023 δα’
370 2000 476 2036 μων
505 1986 728 2035 ἐπέκειρεν·
756 1996 848 2023 num
876 1995 1010 2024 sensus
1037 1984 1238 2025 incolumis
1265 1984 1509 2026 remanebit?

230 2038 389 2077 Minime
425 2049 530 2078 vero.
566 2037 792 2076 Enuntiatio
819 2037 889 2076 rel.
918 2037 1108 2086 dignitate
1136 2039 1412 2080 enuntiationis
1438 2050 1511 2088 per

230 2104 271 2131 se
308 2092 519 2132 constantis
558 2091 746 2132 destituta
781 2090 1052 2134 attributivam
1097 2092 1176 2135 vim
1211 2091 1349 2134 induet
1383 2103 1510 2146 neque

229 2147 309 2188 alia
338 2146 415 2187 erit
441 2147 636 2187 sententia
662 2146 737 2186 nisi
776 2145 892 2187 haec:
945 2146 980 2185 0
1006 2148 1122 2189 decus
1147 2160 1275 2188 eorum
1302 2160 1396 2198 quos
1417 2149 1511 2186 deus

230 2202 429 2239 demessuit
467 2205 642 2238 virorum.
711 2199 783 2238 Est
827 2201 958 2238 autem
984 2198 1047 2238 lex
1074 2201 1298 2243 constanter
1333 2210 1359 2240 a
1385 2200 1511 2250 poetis

228 2253 388 2301 tragicis
406 2256 573 2301 servata,
597 2255 642 2292 ut
659 2253 932 2294 attractionem
944 2252 1102 2293 exulare
1113 2251 1298 2302 juberent
1315 2251 1365 2293 ab
1390 2265 1512 2293 enun-

228 2306 454 2347 tiationibus
478 2307 563 2346 rell.
592 2318 693 2355 quae
720 2308 919 2347 notionem
956 2307 1120 2346 nominis
1157 2318 1235 2346 non
1273 2308 1511 2356 describunt,

227 2361 296 2400 sed
323 2372 448 2410 paene
475 2361 619 2402 tollunt
646 2363 687 2401 et
715 2361 871 2403 diluunt
907 2361 985 2410 ita,
1022 2362 1068 2400 ut
1102 2360 1200 2401 illud
1235 2361 1434 2411 perditum
1470 2365 1511 2401 et

230 2414 401 2456 deletum
428 2426 512 2455 esse
540 2415 768 2465 exprimant.
828 2414 886 2455 Cf.
926 2415 1063 2455 Aesch.
1101 2413 1213 2454 Eum.
1256 2418 1345 2456 605.
1393 2416 1509 2466 δορὴ.

1255 2480 1276 2513 6
