1759 2840
701 817 1036 877 Prooemium.
1057 895 1061 900 ⁵
1107 807 1112 812 ’

337 1019 490 1060 Causa.
520 1030 619 1070 quae
660 1031 740 1069 me,
766 1020 968 1070 permovit,
1014 1022 1059 1059 ut
1103 1019 1349 1061 attractionis
1391 1031 1504 1060 usum

227 1074 354 1124 qualis
382 1075 422 1114 in
448 1075 675 1124 pronomine
702 1073 867 1114 relativo
894 1074 999 1125 apud
1018 1074 1253 1124 Aeschylum
1280 1074 1410 1123 fuerit,
1439 1085 1505 1113 ex-

227 1128 448 1178 ponendum
475 1138 677 1178 sumerem,
706 1128 801 1181 haec
829 1128 915 1177 fuit,
942 1128 1056 1177 quod,
1080 1140 1203 1168 >unum
1226 1128 1351 1168 locum
1378 1128 1412 1167 si
1439 1140 1505 1168 ex-

228 1183 389 1232 cipimus
416 1193 491 1232 quo
519 1183 786 1234 Epicharmus,
823 1182 1015 1232 Aeschylo
1053 1182 1118 1222 ille
1153 1182 1269 1232 paulo
1304 1183 1506 1231 vetustior,

228 1237 460 1276 attractione
488 1247 580 1276 usus
607 1237 718 1287 est‚²)
746 1237 938 1275 incertum
971 1236 1080 1276 illum
1107 1237 1263 1285 quidem
1300 1237 1506 1286 scriptura,

157 1334 159 1336 ,
227 1290 442 1340 Aeschylus
478 1291 760 1330 vetustissimus
796 1290 1041 1330 attractionis
1068 1290 1179 1329 testis
1206 1289 1409 1331 habendus
1435 1293 1507 1340 est.

171 1375 176 1381 ,
228 1345 380 1384 Desunt
424 1345 527 1383 enim
564 1345 648 1394 ejus
685 1344 733 1391 de
769 1355 847 1393 qua
882 1355 952 1383 nos
994 1344 1216 1393 quaerimus
1262 1344 1507 1384 attractionis

228 1398 404 1448 exempla
428 1398 481 1449 ¹in
514 1397 748 1438 carminibus
784 1397 1000 1437 Homericis
1037 1401 1076 1437 et
1113 1397 1330 1447 Hesiodeis,
1369 1398 1509 1437 desunt

171 1494 177 1502 ,
222 1453 268 1492 in
295 1452 470 1502 reliquiis
497 1453 741 1503 cyclicorum,
778 1451 1045 1502 Orphicorum‚
1083 1451 1305 1503 lyricorum,
1340 1453 1507 1502 tragico-

228 1518 316 1545 rum
341 1507 533 1556 Aeschylo
560 1508 828 1555 vetustiorum,
856 1507 1088 1551 comicorum
1112 1506 1334 1546 ·Atticorum
1358 1506 1509 1546 Aristo-

227 1560 354 1610 phane
380 1560 636 1610 superiorum,
665 1560 806 1600 desunt
838 1560 879 1600 in
915 1560 1145 1610 fragmentis
1171 1560 1509 1610 logographorum‚

228 1614 541 1665 philosophorum
575 1615 642 1665 qui
676 1617 769 1655 ante
805 1615 1070 1656 Democritum
1104 1614 1333 1664 floruerunt,
1369 1615 1510 1655 desunt

231 1669 395 1718 denique
422 1669 464 1707 in
490 1669 805 1718 inscriptionibus
831 1672 923 1709 ante
950 1681 1095 1720 annum
1115 1668 1259 1708 CCCC.
1278 1670 1509 1718 compositis.

231 1722 305 1770 Qui
332 1733 424 1762 vero
451 1723 567 1772 primi
593 1723 858 1773 prosaioorum
894 1723 1127 1773 scriptorum
1153 1734 1200 1762 ea
1227 1723 1289 1762 usi
1315 1726 1407 1762 sunt
1433 1723 1510 1762 De·

230 1776 427 1825 mocritus‚
469 1777 703 1825 Herodotus,
749 1775 916 1826 Gorgias
952 1777 1142 1827 Aeschylo
1178 1780 1308 1816 aetate
1352 1776 1511 1816 fuerunt

229 1830 443 1870 inferiores.
499 1831 558 1870 Ex
580 1836 660 1880 'quo
689 1830 856 1871 efficitur
882 1842 954 1881 pro
981 1834 1088 1871 certo
1115 1829 1303 1871 affirmari
1329 1842 1441 1881 posse
1470 1832 1511 1870 in

228 1884 433 1924 literarum
468 1886 725 1925 monumentis
761 1888 853 1925 ante
889 1884 994 1925 bella
1028 1886 1186 1925 Persica
1224 1886 1321 1924 ortis
1349 1886 1432 1935 ejus
1459 1885 1509 1925 de

229 1949 307 1987 qua
343 1950 412 1978 nos
448 1940 668 1988 quaerimus
705 1939 950 1979 attractionis
976 1939 1163 1988 exempla
1197 1940 1364 1988 reperiri
1391 1939 1509 1979 nulla.

232 1992 357 2042 Cujus.
388 1994 447 2032 rei
484 2004 603 2033 causa
640 1993 716 2033 fuit
748 2004 827 2032 non
863 1993 984 2048 quod-
1003 1993 1121 2041 illius,
1134 1994 1275 2032 aetatis
1303 1993 1511 2045 scriptores

231 2046 504 2098 attractionem
520 2047 728 2095 admittere
753 2047 981 2097 noluissent,
1008 2047 1079 2087 sed
1092 2047 1183 2096 quia
1211 2046 1375 2087 duorum
1402 2047 1514 2096 quasi

231 2100 436 2151 graduum,
474 2102 541 2151 qui
576 2101 744 2141 faciendi
778 2100 947 2150 fuerunt,
980 2104 1026 2141 ut
1051 2101 1104 2141 ad
1139 2113 1225 2141 eam
1251 2102 1511 2151 pervenirent,

232 2155 400 2195 alterum
446 2155 617 2195 nondum
661 2155 848 2196 fecerunt.
911 2155 1105 2195 Nimirum
1141 2166 1259 2205 quum
1293 2155 1436 2206 Graeci
1457 2154 1512 2195 ab

316 2275 346 2318 ²)
367 2274 409 2309 fr.
421 2274 532 2309 ineert.
545 2274 589 2307 40
598 2285 631 2317 p.
644 2274 706 2307 267
717 2274 795 2310 Lor.
808 2285 839 2307 v.
855 2273 915 2307 182
927 2273 980 2309 ed.
991 2273 1134 2307 Mullach
1146 2274 1187 2307 fr.
1201 2274 1393 2318 phihgraee.
1399 2285 1432 2317 p.
1441 2275 1512 2310 141.

402 2317 461 2352 ov'x
481 2317 534 2360 ἄρ’
558 2318 651 2359 ἔζιιολε
672 2318 797 2360 πρᾶτον
818 2316 912 2351 ου’δὲν
932 2315 1007 2351 ου’δὲ
1027 2319 1157 2360 μᾰΛιά
1178 2317 1328 2359 δεύτερον

401 2359 507 2394 τῶνδέ-
523 2361 553 2403 γ’
575 2358 622 2393 ὧν
642 2360 746 2402 ἄμμες
766 2373 822 2394 νυν
842 2357 904 2393 ὦδε
923 2360 1066 2403 λέγομεςς

318 2401 406 2436 Libri
428 2403 584 2447 Diogenis
605 2403 643 2439 L.
672 2403 752 2442 (111.-
768 2404 821 2445 10)
850 2402 1005 2436 exhibent
1032 2402 1088 2442 ὧν,
1117 2403 1205 2446 quod
1232 2402 1411 2436 Lorenziua
1438 2403 1513 2436 reti-

233 2447 311 2523 uuiit,
334 2447 536 2481 Hei-mannus
564 2447 696 2480 mutavit
724 2447 756 2480 in
778 2445 826 2480 οἷν
854 2446 1034 2490 genetivum
1063 2446 1261 2489 pronominis
1288 2447 1355 2487 rel„
1384 2451 1419 2479 ut
1440 2446 1514 2478 mihi

232 2491 262 2523 vi
286 2496 368 2531 etur,
388 2492 487 2526 recte.

1300 2546 1315 2578 l
