1759 2840
882 130 936 168 34·

266 243 374 285 tiatis
414 244 499 292 rell.
529 248 702 295 tempore
724 244 870 286 futuro
909 245 1195 298 comprehensis
1235 244 1397 286 σιώπα
1426 244 1553 296 jusse-

267 302 371 338 runt.
435 298 711 347 Vetustissima
744 300 861 349 hujus
898 312 991 341 usus
1025 300 1248 340 testimonia
1282 302 1376 340 sunt
1410 299 1553 350 Lysiae

269 352 343 391 loci
371 353 461 401 duo,
488 356 606 402 atque
634 349 675 392 hi
710 354 768 392 ita
793 355 1030 403 constituti,
1056 356 1125 393 ut
1128 364 1267 393 causa
1282 356 1323 392 et
1356 354 1555 393 excusatio

265 407 511 447 attractionis
539 418 616 448 non
645 406 815 448 difficilis
842 409 894 449 sit
928 408 980 449 ad
1016 407 1303 449 inveniendum.
1383 407 1555 456 Quorum

263 461 373 509 prior
393 465 454 500 est
479 473 535 501 or.
556 466 617 510 10,
651 464 698 501 12
728 463 770 501 τί
797 461 876 515 γάρ
904 464 1038 502 ταῦτα
1069 458 1126 502 ow
1154 458 1278 506 οὗτος
1306 465 1394 514 ἐρεῖ·
1415 461 1556 513 διαφέ-

265 528 348 565 ρεις
377 515 418 553 ιιι
445 525 521 564 quo
550 515 645 565 quid
665 512 930 556 enuntiatione
956 516 1028 556 rel.
1057 531 1082 556 α
1114 509 1245 561 οὗτος
1265 517 1347 568 ἐρεῖ
1360 515 1555 556 continea-

263 571 340 617 tur,
369 581 447 608 non
476 568 638 614 dubium
662 573 780 619 atque
808 571 1010 621 incertum,
1039 571 1110 611 sed
1128 572 1220 611 ante
1238 569 1370 610 oculos
1387 568 1556 620 positum

263 626 335 670 est,
364 623 558 672 siquidem
594 625 727 663 statim
764 625 975 665 subicitur:
1005 628 1071 664 καὶ
1118 621 1248 668 αὐτός
1290 627 1372 676 μὲν
1422 624 1556 664 Θέωνι

263 677 511 740 κακηγορίας
529 674 714 719 ἐδικάσω.
758 678 805 718 In
823 678 1101 729 aequabilitate
1116 680 1157 718 et
1183 677 1441 718 concinnitate
1468 687 1555 718 ora—

262 730 389 779 tionis,
419 732 529 781 cujus
557 732 717 783 Lysiam
744 734 1070 773 studiosissimum
1096 733 1216 773 fuisse
1244 734 1405 782 scimus,
1417 735 1555 773 attra-

262 783 401 824 ctionis
439 797 557 825 causa
592 788 724 837 posita
747 790 808 826 est
843 787 967 827 altero
994 788 1078 827 loco
1106 798 1162 826 or.
1185 788 1257 835 31
1282 786 1339 826 24
1366 802 1400 826 ει
1429 789 1470 833 ἐξ
1498 781 1555 826 ὧν

258 841 336 890 μὲν
363 837 446 892 ἤδη
463 836 691 906 ἠμάρτηκὲ
718 841 933 905 μηδέποτε
960 830 1329 905 τιμωρηθήσεται,
1359 842 1399 886 ἐξ
1427 835 1484 881 ὧν
1512 839 1555 880 δὲ

262 893 403 942 μέλλει
433 889 480 932 εὖ
509 890 704 943 ποιήσειν
726 892 812 946 ἤδη
840 892 1116 945 τετιμήσεται.
1190 893 1268 933 Sed
1305 894 1424 937 etiam
1451 893 1556 943 apud

263 946 500 993 posteriores
537 948 748 997 scriptores
784 948 962 998 exempla
999 948 1040 987 id
1076 959 1198 997 genus
1235 951 1326 987 sunt
1353 948 1555 988 rarissima

263 999 650 1051 dubitationibusque
678 1002 920 1054 obnoxia⁴⁶).

368 1054 449 1095 Nec
477 1067 569 1095 vero
599 1068 717 1096 causa
744 1057 907 1097 alterius
931 1057 990 1096 rei
1005 1056 1212 1105 perspicua
1226 1066 1303 1094 non
1319 1059 1390 1095 est.
1419 1029 1551 1095 Enun-

259 1108 422 1148 tiatione
457 1110 567 1149 enim
603 1110 674 1149 rel.
711 1111 954 1161 conjunctivo
993 1109 1046 1151 ἄν
1081 1109 1274 1160 particula
1310 1109 1446 1149 addita
1484 1113 1553 1150 aut

259 1164 433 1211 optativo
462 1164 742 1213 comprehensa
769 1168 923 1205 tantum
950 1165 1084 1213 abest,
1120 1167 1165 1203 ut
1201 1166 1293 1203 nota
1321 1164 1467 1206 nomini
1494 1164 1552 1203 in-

259 1216 427 1256 haerens
456 1221 496 1257 et
523 1219 746 1259 necessaria
775 1218 1017 1264 attribuatur
1045 1221 1115 1257 aut
1142 1218 1248 1257 notio
1275 1228 1347 1268 per
1374 1229 1416 1257 se
1443 1221 1552 1258 certa

258 1282 304 1311 ac
333 1270 410 1311 fixa
440 1272 682 1321 exprimatur
695 1304 704 1322 ,
742 1274 787 1313 ut
822 1284 887 1313 res
925 1273 1160 1313 condicionis
1200 1272 1283 1312 loco
1312 1273 1552 1312 extrinsecus

257 1325 371 1364 modo
400 1326 582 1365 accidens
611 1328 725 1366 modo
754 1339 831 1367 non
859 1328 1040 1375 accidens
1068 1326 1272 1365 indicetur.
1320 1326 1377 1366 Ac
1405 1338 1453 1366 ne
1480 1327 1551 1365 hu-

252 1379 317 1428 jus
352 1380 511 1429 quidem
548 1391 643 1420 usus
678 1382 856 1432 exempla
892 1384 984 1421 sunt
1019 1380 1124 1431 apud
1152 1380 1397 1420 Herodotum
1434 1383 1474 1420 et
1510 1381 1551 1421 in

256 1434 432 1483 reliquiis
467 1435 784 1486 philosophorum
821 1440 861 1476 et
896 1439 1096 1476 oratorum
1123 1435 1190 1484 qui
1217 1438 1308 1474 ante
1336 1447 1371 1475 a.
1403 1434 1548 1475 CCCC.

256 1487 484 1529 floruerunt.
558 1490 671 1537 Quod
708 1502 801 1531 vero
836 1502 926 1531 eum
954 1502 978 1529 a
1004 1490 1243 1538 tragicorum
1271 1490 1549 1529 consuetudine
1577 1499 1579 1502 ⁴

256 1542 428 1582 alienum
457 1544 549 1591 dixi,
581 1544 678 1583 nihil
705 1556 767 1584 me
795 1549 926 1585 movet
955 1543 1071 1593 Soph.
1101 1543 1240 1583 Trach.
1269 1555 1305 1582 v.
1337 1546 1413 1583 399

337 1593 497 1647 Anium.-
526 1594 554 1650 ἦ
592 1601 659 1638 καὶ
696 1595 746 1638 τό
786 1613 940 1638 πιστον
968 1600 1046 1648 τῆς
1065 1594 1277 1662 αληθειάς
1305 1597 1469 1649 νέμειςς

336 1649 432 1703 Λιχ.
463 1651 561 1691 ι’στω
589 1651 721 1705 μέγας
750 1649 875 1698 Ζεύς,
905 1647 962 1691 ὧν
989 1647 1026 1705 γ’
1054 1648 1108 1691 ἂν
1137 1648 1295 1696 ἐξειδώς
1321 1652 1440 1701 κυρῶ.

363 1704 464 1744 Nam
489 1706 661 1754 primum
694 1706 757 1746 hic
795 1706 904 1746 locus
940 1708 1072 1745 certus
1110 1716 1187 1744 non
1226 1707 1304 1753 est,
1357 1703 1547 1754 siquidem

256 1752 313 1799 ὧν
339 1760 543 1807 genetivus
571 1761 628 1799 ita
657 1761 847 1810 explicali
874 1763 1015 1810 potest,
1043 1762 1087 1798 ut
1114 1761 1313 1799 structura
1339 1759 1548 1799 Homerica

254 1811 370 1857 εἰὸως
422 1828 537 1858 τινος
584 1814 766 1865 Sophocli
811 1818 902 1855 ante
951 1814 1080 1854 oculos
1127 1813 1334 1853 obversata
1380 1814 1545 1853 dicatur.

255 1866 332 1905 Sed
372 1868 467 1908 nolo
504 1868 595 1908 huic
632 1869 872 1909 excusationi
907 1869 1071 1908 multum
1104 1867 1298 1907 tribuere:
1356 1879 1404 1907 ne
1449 1878 1545 1916 opus

255 1913 411 1968 quidem
430 1933 477 1961 ea
495 1926 565 1961 est.
615 1923 915 1965 Trachiniarum
944 1922 1116 1962 fabulam
1145 1933 1191 1961 ea
1220 1932 1297 1970 qua
1305 1920 1436 1960 ‘nobis
1463 1924 1544 1960 tra-

255 1975 337 2021 dita
367 1979 436 2024 est,
446 1976 573 2017 forma
594 1989 619 2017 a
640 1977 827 2026 Sophocle
857 1988 933 2015 non
962 1976 1213 2025 compositam
1241 1985 1338 2024 esse,
1364 1975 1434 2014 sed
1459 1975 1543 2024 plu-

255 2029 365 2067 rimis
394 2030 760 2080 interpolationibus
788 2043 812 2070 a
839 2031 1008 2080 genuina
1034 2031 1180 2070 virtute
1209 2029 1415 2069 descivisse
1444 2040 1545 2069 nunc

252 2082 335 2122 fere
364 2095 497 2123 omnes
526 2085 784 2134 consentiunt,
814 2086 888 2124 etsi
927 2085 975 2124 de
1004 2085 1077 2124 hac
1104 2095 1148 2123 re
1176 2084 1345 2133 litigant,
1373 2084 1474 2123 sitne
1501 2084 1543 2122 in

252 2136 330 2176 illis
358 2149 495 2178 manus
523 2142 662 2191 poetae
690 2139 852 2184 minoris
890 2151 942 2179 an
976 2138 1176 2179 histrionis
1211 2150 1263 2179 an
1298 2137 1543 2188 grammatici

336 2302 379 2344 ⁴⁸)
403 2302 563 2336 Attractio
598 2303 686 2336 nulla
709 2308 759 2336 est
786 2302 867 2335 locis
896 2300 1045 2342 Pseudo·
1047 2300 1205 2345 Hippocr.
1234 2305 1307 2343 περὶ
1317 2316 1377 2355 φυ
1360 2300 1409 2336 v'm
1446 2315 1509 2335 παι
1511 2300 1539 2335 8.

250 2357 277 2379 c.
302 2346 353 2379 29.
378 2346 434 2387 (ΙΙ.
457 2356 488 2387 p.
513 2345 588 2388 516)
611 2346 641 2379 εἰ
659 2352 719 2389 βοιι
705 2347 815 2379 dierat
847 2358 895 2379 ‘tac
928 2349 1016 2378 τοῖσι
1051 2346 1152 2387 iaz-opt
1151 2349 1231 2383 ὀισι,
1265 2344 1413 2378 ὁκόσοισι
1433 2345 1539 2386 μέλλω

248 2390 293 2422 λέ·
283 2403 365 2431 γειν,
405 2391 550 2436 χρῆσθαι
580 2393 613 2421 et
641 2395 713 2430 περὶ
741 2401 861 2444 γυναικ.
892 2389 915 2422 I.
940 2399 966 2421 e.
990 2388 1041 2421 68.
1066 2388 1119 2428 (Π.
1142 2398 1174 2429 Ρ
1198 2387 1285 2430 598.)
1317 2358 1458 2420 dan'rpaa
1473 2388 1539 2421 τῶν

249 2432 432 2475 φαρμάκων
452 2446 485 2465 τι
507 2437 553 2466 ὡν
589 2433 652 2476 ἐγώ
683 2433 818 2475 φράσοι,
852 2442 948 2480 quum
978 2430 1010 2463 in
1040 2432 1149 2475 priore
1184 2430 1309 2464 dativus
1342 2429 1486 2465 ὁκόσοισι
1518 2441 1538 2463 a

248 2476 390 2520 χρῆσθαι
412 2476 577 2520 infinitivo
610 2477 642 2509 in
665 2477 768 2510 altero
792 2487 866 2520 gen.
890 2481 938 2509 ἂν
959 2486 980 2508 a
1000 2490 1032 2510 τι
1053 2486 1147 2518 pron,
1171 2475 1321 2518 pendeat.
1425 2505 1457 2529 5
