1759 2840
824 109 875 148 45

213 227 353 266 aetatis
383 228 476 267 sunt
503 225 581 267 duo⁴
607 227 683 280 (El.
725 229 812 267 177.
849 224 945 266 Oed.
982 227 1028 266 R.
1067 226 1175 277 351),
1210 219 1266 265 in>
1286 225 1491 275 postremis

213 284 364 331 septem
392 281 507 334 (Phil.
537 284 776 322 907.-1012.
805 280 901 321 Oed.
933 280 1013 321 Col.
1043 283 1134 320 478.
1165 283 1255 320 334.
1288 280 1421 330 1412).

150 389 158 400 ..
183 377 187 381 -
324 350 427 397 Huic
454 346 585 397 autem
612 357 683 406 rei,
720 341 822 419 quod
850 356 1096 397 attractionis
1131 366 1225 395 usus
1253 354 1491 405 pedetentim
1519 400 1528 406 ,

214 406 365 460 longius
391 411 653 461 progreditur,
670 412 825 463 egregie
843 411 941 450 illud
967 410 1156 459 convenit,
1186 409 1287 473 quod
1305 420 1488 449 numerus

218 474 358 516 earum
381 465 690 506 enuntiationum
716 465 803 506 rell.
814 476 851 505 -a
878 460 1017 518 quibus
1056 461 1237 505 attractio
1275 463 1385 504 abest
1420 463 1490 502 im-

215 512 419 558 minuitur.
475 519 590 569 Apud
617 515 851 570 Aeschylum
878 477 982 558 enim
1008 519 1080 558 hoc
1107 528 1229 567 genus
1258 518 1491 557 enuntiatio-

213 583 304 611 num
336 572 435 614 rell.
451 573 554 626 quod
581 576 672 612 ante
700 572 803 612 bella
838 573 995 628 Persica
1030 573 1142 612 unice
1180 572 1388 611 usitatum
1404 571 1490 619 fuit,

213 626 329 676 paulo
370 626 545 670 crebrius
581 628 751 667 occurrit
794 627 940 676 altero,
985 626 1175 680 siquidem
1219 626 1351 666 decem
1400 628 1491 665 sunt

213 679 393 730 exempla
448 679 692 721 'attractionis
756 682 939 740 omissae,
994 684 1081 721 octo
1132 680 1345 728 admissae3
1401 691 1489 719 con-
1502 694 1505 695 ⁷

148 781 151 784 .
215 737 279 773 tra
333 735 464 784 apud
477 735 720 784 Sophoclem
787 732 835 774 n'e
882 734 1081 774 dimidiam
1136 734 1292 787 quidem
1336 736 1489 783 partem

218 788 527 829 enuntiationum
562 788 648 829 rell.
684 791 942 829 atu-actarum
970 787 1282 844 (quinquaginta)
1318 787 1492 827 efficiunt

216 853 286 882 eae
307 855 344 882 a
369 843 526 896 quibus
535 842 717 883 attractio
745 843 860 884 afuit
871 843 1026 895 (viginti
1061 844 1170 894 tres).
1208 842 1337 895 Atque
1373 842 1492 881 etiam

214 896 353 937 harum
380 908 491 937 usum
518 897 706 947 paulatim
726 898 1012 938 decrescentem
1030 908 1102 947 per
1122 897 1294 945 singulas
1307 896 1489 946 Aeschyli

213 950 437 998 tragoedias
463 953 645 1003 persequi
672 953 782 991 licet:
811 951 930 991 habes
959 952 1062 991 enim
1090 951 1278 1000 ejusmodi
1314 950 1490 999 exempla

214 1004 256 1043 in·
281 1004 411 1044 Persis
440 1008 618 1057 quatuor,
646 1005 687 1043 in
708 1005 872 1055 *Septem
908 1007 949 1043 et
974 1004 1262 1053 Agamemnone
1299 1003 1413 1051 bina,
1448 1004 1489 1041 in

215 1058 459 1112 Supplicibus
486 1062 527 1103 et
560 1059 837 1104 Eumenidibus
874 1059 1053 1113 singula,
1094 1059 1136 1103 in
1173 1057 1411 1112 Choephoris
1447 1060 1489 1102 et

214 1116 444 1150 Prometheo
471 1117 587 1150 nulla.
1063 1154 1065 1156 ‚

325 1174 453 1233 Atque
491 1175 539 1219 de
576 1186 735 1218 numero
784 1174 939 1233 quidem
981 1173 1243 1230 exemplorum
1289 1174 1487 1217 hactenus.

272 1234 474 1281 Deinceps,
502 1238 546 1272 ut
573 1239 660 1273 erat
670 1236 921 1281 propositum,
950 1235 998 1272 de
1026 1238 1200 1273 natura
1228 1238 1381 1284 atque
1423 1234 1487 1272 in-

165 1308 169 1312 ·
215 1284 332 1323 dole
360 1286 668 1324 enuntiationum
694 1285 780 1324 rell.
810 1288 1068 1324 attractarum
1094 1286 1306 1323 videamus.

320 1363 424 1411 Lege
453 1376 552 1416 quae
580 1377 604 1403 a
631 1364 889 1413 scriptoribus
918 1363 984 1416 qui
1011 1366 1103 1403 ante
1123 1363 1338 1404 Alexandri
1357 1363 1491 1413 Magni

214 1418 385 1454 aetatem
413 1416 630 1455 floruerunt
657 1417 833 1456 omnibus
864 1420 1087 1462 constanter
1105 1421 1260 1455 servata
1274 1420 1345 1464 est,
1373 1418 1491 1455 etiam

213 1469 426 1522 Aeschylus
456 1482 496 1512 se
525 1470 754 1520 adstrinxit,
793 1474 853 1518 ut,
875 1470 1147 1512 attractionem
1181 1471 1222 1510 in
1254 1470 1319 1511 iis·
1339 1473 1490 1511 tantum

220 1526 551 1564 enuntiationibus
579 1526 666 1565 rell.
695 1527 935 1574 admitteret,
964 1537 1063 1577 quae
1091 1537 1179 1565 cum
1205 1537 1297 1565 voce
1315 1526 1492 1569 enuntia-

218 1577 337 1618 tionis
364 1579 575 1628 primariae
605 1579 898 1619 necessitudinis
925 1579 1077 1618 vinculo
1105 1579 1336 1619 constrictae
1364 1582 1494 1618 essent

215 1633 273 1672 ita
300 1636 346 1673 ut
373 1637 442 1673 aut
468 1634 613 1674 nomini
638 1634 871 1674 attributum
910 1634 1167 1684 adjungerent
1203 1646 1280 1674 non
1313 1637 1490 1684 praeter-

160 1707 168 1715 ι
216 1687 447 1734 mittendum
475 1692 544 1727 aut
570 1688 901 1727 substantivorum
926 1689 1095 1727 vicariae
1111 1699 1135 1727 a
1150 1699 1243 1727 voce
1271 1689 1374 1728 unde
1396 1700 1491 1737 pen-

217 1741 356 1782 derent
390 1743 608 1783 necessario
635 1743 942 1796 requirerentur.
997 1742 1108 1790 Quod
1136 1742 1169 1782 si
1196 1754 1272 1782 non
1300 1741 1345 1782 fit
1372 1753 1490 1782 enun—

212 1796 400 1849 tiatioque
467 1798 536 1837 rel.
592 1800 743 1836 tantam
820 1797 1049 1845 dignitatem
1121 1796 1261 1845 habet,
1326 1800 1371 1836 ut
1446 1809 1490 1836 re

213 1850 369 1898 quidem
422 1863 494 1901 per
548 1862 599 1891 se*
634 1854 811 1891 constare
873 1851 996 1903 possit
1049 1850 1287 1901 formamque
1342 1853 1494 1891 tantum

213 1905 421 1945 relativam
447 1906 639 1954 induerit,
675 1905 779 1955 apud
806 1905 1039 1955 Aeschylum
1073 1917 1196 1955 aeque
1233 1909 1349 1955 atque
1385 1906 1490 1956 apud

212 1960 381 2009 reliquos
417 1961 539 2009 script
548 1971 635 1999 ores
661 1960 844 2000 attractio
863 1963 1064 2009 perpetuo
1091 1960 1213 1999 abest.
1268 1960 1314 1999 In
1348 1960 1396 1999 iis
1419 1972 1493 1999 au-

213 2015 292 2053 tem
330 2025 429 2064 quae
465 2014 647 2065 Aeschyli
681 2014 840 2065 propria
875 2014 1034 2054 fuerunt
1066 2014 1323 2064 exponendis,
1360 2017 1406 2054 ut
1441 2013 1490 2055 ab

215 2079 238 2107 a
247 2072 266 2108 t
274 2072 290 2108 t
298 2081 320 2108 r
330 2070 344 2108 i
353 2068 378 2107 b
389 2081 416 2107 u
424 2072 441 2107 t
451 2070 497 2107 iv
506 2081 528 2107 o
538 2080 680 2118 genere
688 2069 997 2108 enuntiationum
1007 2069 1091 2108 rell.
1107 2072 1366 2108 attractarum
1381 2081 1491 2109 exor—

217 2123 323 2172 diar,
360 2134 506 2170 nomen,
536 2123 587 2163 ad
624 2123 737 2172 quod,
761 2122 976 2163 enuntiatio
1009 2123 1079 2162 rel.
1117 2122 1300 2172 refertur,
1338 2134 1490 2174 semper

210 2189 382 2217 nomen
410 2178 765 2230 appellativum
779 2180 851 2225 est,
879 2177 981 2225 quod
997 2188 1099 2216 rem
1119 2177 1322 2226 significat.
1351 2178 1488 2217 Latius

209 2235 320 2280 patet
358 2242 450 2270 usus
487 2231 591 2281 apud
628 2231 855 2281 Sophoclem
891 2234 932 2271 et
964 2230 1209 2280 Euripidem,
1247 2232 1388 2281 quippe
1423 2232 1489 2280 qui

211 2297 286 2326 non
324 2285 447 2326 solum
463 2305 468 2309 ·
482 2286 626 2325 nomini
663 2285 903 2325 substantivo
948 2285 1051 2334 quod
1085 2297 1292 2335 personam
1328 2286 1487 2335 indicat,

210 2340 279 2379 sed
343 2341 461 2393 etiam
522 2341 739 2390 pronomini
795 2340 1097 2380 demonstrativo
1135 2340 1369 2380 substantivi
1431 2341 1488 2379 vi-

211 2394 317 2434 cario
346 2394 649 2434 enuntiationem
674 2395 745 2434 rel.
792 2397 1002 2434 attractam
1054 2394 1335 2444 subjunxerint.
1402 2395 1487 2434 Pri-

209 2449 289 2489 oris
351 2449 505 2497 generis
569 2448 746 2498 exempla
810 2448 930 2488 habes
991 2448 1108 2495 haec:
1205 2448 1343 2489 Trach.
1411 2451 1485 2489 241
