1759 2840
858 151 881 188 8

230 264 297 306 Or.
326 276 361 305 v.
395 267 496 326 1409
541 266 580 304 οἷ
608 263 652 306 δὲ
681 261 801 335 πρός
815 264 1002 330 θρόνους
1030 267 1105 307 ἔσω

540 315 746 385 μολόντες
774 315 823 366 ἇς
850 316 959 375 ἔγημ’
988 316 1011 359 o‘
1039 313 1214 366 τοξότας
1244 283 1384 374 Hospes

538 369 751 426 γυναικός.
816 400 822 406 -

337 427 514 477 Denique
542 427 708 468 forsitan
726 428 832 468 illud
859 415 1040 469 occurrat
1059 426 1219 477 reliquis
1233 426 1327 469 locis
1343 429 1514 481 Aeschy-

229 481 309 521 lum
336 481 456 521 verbo
485 482 762 522 enuntiationis
795 482 866 522 rel.
904 485 1098 522 attractae
1133 493 1210 521 non
1243 485 1289 521 ut
1324 482 1397 524 hoc
1431 483 1514 525 loco

229 534 458 580 adverbium
492 535 702 576 addidisse.
768 536 823 576 At
858 537 976 576 etiam
1012 537 1053 575 in
1087 536 1160 576 hae
1187 546 1232 575 re
1259 535 1373 577 facile
1402 548 1427 579 a
1452 548 1514 579 me

228 590 393 639 impetro
437 591 483 628 ut
523 589 627 638 quod
666 589 846 639 Sophocli
882 593 923 630 et
956 590 1147 639 Euripidi,
1183 589 1286 632 idem
1322 589 1476 642 Aeschy
1476 589 1514 631 lo

228 643 382 684 licuisse
418 646 601 686 statuam.
657 644 759 684 Nam
788 655 907 694 quum
935 645 1089 684 omnino
1126 655 1203 683 non
1210 643 1435 694 prudentis
1450 600 1515 684 ysit

228 695 474 747 grammatici
511 697 619 737 nulla
650 698 854 749 Sophoclei
892 702 933 738 et
976 698 1180 747 Euripidei
1224 709 1318 738 usus
1358 699 1514 739 ratione

228 751 366 794 habita
394 752 555 801 aliquod
583 752 738 793 dicendi
765 763 887 802 genus
914 755 1124 803 propterea
1150 751 1199 792 ab
1228 752 1418 803 Aeschylo
1446 752 1514 794 ab-

224 807 415 855 judicare,
434 807 538 855 quod
566 807 670 856 nullo
699 807 775 849 alio
803 807 886 846 loco
914 818 961 846 ex
989 807 1105 855 hujus
1128 807 1341 858 tragoediis
1364 806 1517 858 sumpto

227 860 471 909 comprobari
505 861 639 909 possit,
687 864 771 899 tum
806 861 1015 905 falsissima
1050 861 1217 899 ducatur
1243 861 1422 910 opinione
1449 862 1517 910 qui

230 914 394 953 eandem
430 913 623 953 rationem
659 914 700 953 in
736 914 981 954 attractionis
1018 913 1202 963 exemplis
1249 914 1562 959 examinandis,

227 968 336 1016 sequi
364 968 470 1015 velit,
498 968 641 1017 quippe
669 969 739 1016 qui
749 979 891 1017 parum
908 968 1129 1014 consideret
1155 967 1254 1007 hanc
1282 979 1329 1007 ea
1360 968 1514 1009 demum

228 1024 358 1060 aetate
389 1032 466 1073 qua
494 1024 575 1060 tres
591 1021 660 1060 illi
685 1022 829 1071 tragici
865 1021 1082 1060 floruerunt
1117 1021 1337 1070 invaluisse,
1375 1022 1515 1071 vixque

227 1075 375 1124 requiri
409 1086 536 1124 posse,
573 1078 630 1124 ut,
667 1086 766 1124 quae
795 1078 855 1116 est
891 1075 1068 1125 paucitas
1106 1075 1371 1127 reliquiarum,
1410 1075 1515 1126 apud

227 1141 538 1181 unumquemque
554 1141 688 1168 eorum
707 1131 835 1168 omnia
845 1130 1091 1168 attractionis
1100 1141 1245 1177 genera
1256 1130 1515 1191 reperiantur.
1537 1157 1543 1163 -

228 1182 361 1222 Habes
396 1183 528 1231 igitur,
565 1186 611 1221 ut
647 1177 801 1222 teneam
843 1183 1093 1235 quamobrem
1129 1183 1169 1221 id
1215 1183 1357 1231 monui,
1396 1181 1515 1223 verbo

229 1237 505 1277 enuntiationis
539 1237 609 1276 rel.
638 1240 830 1278 attractae
859 1237 1036 1277 additum
1071 1236 1301 1277 adverbium
1329 1237 1514 1287 temporis

227 1294 307 1338 aut,
354 1294 399 1329 ut
445 1290 516 1330 hoc
554 1291 636 1329 loco
683 1292 825 1341 τορῶς,
871 1291 976 1329 modi
1015 1291 1120 1339 apud
1159 1291 1385 1340 Sophoclem
1421 1291 1515 1329 locis

228 1348 397 1398 quatuor.
424 1344 519 1384 Oed.
546 1344 632 1384 Col.
668 1356 703 1384 v.
736 1347 850 1385 1489.
889 1344 948 1383 ΕΙ.
979 1348 1069 1384 873.
1108 1344 1247 1384 Trach.
1278 1347 1377 1384 34.ss
1415 1344 1513 1384 Phil.

229 1402 291 1447 52,
330 1399 435 1448 apud
472 1399 699 1449 Euripidem
738 1410 815 1438 uno
853 1399 936 1439 loco
966 1399 1038 1465 qui
1076 1399 1165 1439 huic
1202 1402 1263 1438 est
1297 1391 1514 1438 simillimus

228 1453 295 1492 Or.
336 1465 371 1493 v.
410 1456 485 1492 259
540 1450 640 1503 ὁρᾷς
674 1467 752 1505 γαρ
791 1448 914 1492 οὐδὲν
944 1448 1007 1491 ὧν
1044 1452 1175 1496 δοκεῖς
1213 1448 1309 1503 σαφ’
1347 1452 1511 1493 εἰδέναι,

225 1509 354 1557 Atque
381 1507 478 1546 haec
505 1506 661 1556 quidem
688 1507 875 1546 hactenus
904 1506 952 1547 de
989 1507 1120 1556 priore
1155 1517 1299 1555 genere
1335 1505 1513 1545 enuntia-

227 1563 374 1600 tionum
402 1561 487 1600 rell.
516 1564 786 1600 attractarum.
832 1596 836 1602 .

281 1616 403 1655 Venio
421 1626 523 1654 nunc
540 1614 591 1654 ad
606 1625 728 1663 genus
746 1615 914 1654 alterum
927 1614 1028 1667 quod
1040 1614 1122 1654 dixi
1144 1594 1512 1654 substantivum.

881 1693 916 1729 2.

225 1756 282 1797 De
310 1766 453 1809 genere
482 1738 737 1796 substantivo·
774 1691 1084 1798 angutiationum
1111 1755 1202 1796 rell.
1231 1751 1510 1811 atti-actarum.

333 1833 405 1871 Est
431 1832 502 1871 hoc
530 1842 651 1880 genus
679 1831 934 1880 tripartitum,
963 1831 1154 1880 siquidem
1192 1830 1408 1870 enuntiatio
1443 1829 1512 1869 rel.

225 1889 396 1926 attracta
418 1884 653 1925 substantivi
666 1885 814 1924 vicaria
841 1887 910 1923 aut
936 1896 961 1923 a
989 1886 1185 1923 nomine
1213 1887 1282 1924 aut
1307 1895 1332 1922 a
1360 1883 1512 1922 verbo

225 1944 295 1980 aut
322 1952 345 1980 a
372 1952 397 1989 p
408 1951 430 1978 r
440 1951 465 1978 a
475 1951 496 1978 e
504 1951 530 1989 p
539 1950 561 1978 o
571 1950 590 1978 s
600 1938 661 1977 iti
672 1950 693 1977 ο
703 1949 756 1978 ne
783 1938 938 1987 pendet.
967 1938 1024 1977 Ac
1037 1939 1154 1987 primi
1175 1938 1332 1992 quidem
1359 1937 1513 1986 generis

225 1998 316 2034 sunt
335 1998 417 2034 tres
445 1994 605 2043 species,
625 1993 806 2042 quoniam
825 2004 965 2032 nomen
983 2003 1123 2041 regens
1152 1987 1514 2032 substantivum
1577 2013 1579 2016 ·

226 2052 295 2088 aut
343 2050 617 2098 pronomen
660 2046 1045 2087 substantivum
1090 2050 1159 2088 aut
1202 2046 1514 2096 adjectivum

225 2114 309 2143 esse
336 2105 477 2152 potest.

332 2158 461 2211 Atque
488 2159 533 2196 ut
560 2155 609 2195 ab
638 2167 683 2195 eo
710 2166 853 2204 genere
890 2156 1073 2195 exordiar
1108 2156 1149 2195 in
1186 2167 1261 2209 quo
1299 2153 1513 2194 enuntiatio

226 2213 295 2253 rel.
334 2214 505 2252 attracta
541 2223 565 2251 a
602 2210 939 2250 substantivo
983 2210 1148 2260 pendet,
1195 2212 1271 2251 duo
1312 2211 1404 2249 sunt
1438 2208 1513 2248 huc

224 2266 444 2306 revocanda
472 2266 659 2315 exempla,

225 2322 352 2360 Prom.
383 2323 461 2359 448
491 2321 603 2371 (447)
621 2321 715 2364 λέξω
740 2318 783 2358 δὲ
803 2318 972 2381 μέμψιν
1000 2315 1134 2359 οὕτω)
1149 2314 1393 2383 ἀνθρώποις
1410 2319 1514 2372 ἔχων

616 2368 704 2413 ἅλ’).
731 2368 788 2413 ὧν
817 2368 955 2413 δέδωκ’
984 2370 1155 2414 εὔνοιαν
1182 2369 1469 2426 ἐξηγούμενος

228 2433 269 2468 et
296 2429 433 2478 Agam.
464 2432 538 2468 331
572 2427 685 2480 (316)
1113 2461 1116 2465 .

382 2499 548 2535 νήστεις
586 2498 693 2534 προς
734 2496 963 2534 αρΙσϊΟίσιν
1005 2476 1062 2522 ὧν
1100 2485 1180 2535 ἔχει
1210 2479 1355 2529 πολιςη

224 2549 389 2589 quorum
416 2548 515 2587 quae
544 2538 596 2578 sit
623 2536 772 2577 indoles
800 2547 902 2575 nunc
937 2536 1053 2586 paulo
1082 2536 1205 2576 fusius
1234 2547 1435 2587 exponam.
