1759 2840
830 128 885 167 22*

214 263 261 288 π.
291 246 415 288 διαίτ.
446 240 524 294 ο’ξ
534 258 569 287 c.
602 249 635 286 1.
665 246 713 299 (Ι.
741 258 779 296 p.
809 249 901 290 287.
928 246 990 287 ed.
1010 245 1133 297 Erm.)
1161 245 1297 295 Neque
1311 244 1496 318 attractio

212 302 462 353 agnoscenda
489 288 552 342 est
577 300 672 342 locis
699 301 779 341 his:
821 300 939 353 Soph.
967 299 1070 341 Phil.
1093 312 1130 341 v.
1159 302 1237 341 471

434 355 594 423 ἔρημον
620 358 667 396 ἐν
693 360 852 396 κακοῖσι
879 351 1020 403 τοῖσδ’,
1048 358 1152 399 οἵοις
1178 351 1279 415 ορᾷς
1337 363 1364 384 ι’

431 407 564 450 ὅσοισί
590 408 630 449 τ’
653 405 875 461 ἔξήκουσας
903 407 1125 450 ἐνναίοντοί
1154 423 1221 476 με,
1314 423 1318 426 ’

212 464 252 502 ιιι
288 474 363 512 quo
393 457 548 511 dativus
590 459 742 503 ὅσοισι
752 474 793 502 a
828 461 1038 512 participio
1077 460 1300 526 ἐνναίοντα
1337 436 1495 511 pendet,

215 517 257 557 C.
286 517 323 556 J
351 528 389 556 n.
425 519 543 565 3273,
572 527 608 555 v.
642 520 701 556 10.
732 516 799 566 (ΙΙ.
828 528 866 566 p.
898 517 1005 567 756.)
1034 530 1182 577 τυχοις
1212 513 1321 556 ὅσων
1356 515 1527 561 θέλεις,

213 573 282 621 (sc.
310 571 486 624 τυχεῖν)
516 571 565 610 ιιι·
576 569 677 610 libro
704 571 772 619 qui
798 570 927 610 fertur
953 569 1204 620 Hippocratis
1231 568 1325 633 περὶ
1348 564 1497 620 φύσιος

214 585 390 664 παιδίου
415 637 447 664 c.
479 627 528 665 29
559 624 628 677 (ΙΙ.
653 636 713 690 p
744 627 834 664 561.
874 625 935 664 ed.
969 624 1094 675 Erm.)
1132 624 1168 663 εἰ
1200 618 1398 686 βουλοταί
1431 636 1496 668 τις

214 683 323 718 τοῖσι
359 678 592 730 ἱστορίοισι,
640 674 823 718 ὁκόσοισι
860 678 995 730 μέλλω
1031 678 1179 744 λέγειν,
1221 676 1432 731 χρῆσθαι,
1454 677 1496 716 in

216 743 291 782 quo
321 733 506 785 χρῆσθαι
535 731 747 772 infinitivus
786 732 903 772 etiam
940 731 993 772 ad
1027 731 1160 786 λέγειν
1195 729 1357 772 verbum
1393 728 1496 781 cogi-

209 786 514 887 tandtgusssxtoem
549 840 822 880 attractionem
861 839 1046 880 exhibere
1081 840 1266 879 videntur
1299 838 1376 879 loci
1418 839 1494 878 duo

208 893 483 943 Aristophanis
510 894 579 943 Eq.
608 905 644 933 v.
674 896 760 934 873
781 896 822 933 et
848 905 883 933 v.
906 896 1005 942 876,
1035 893 1101 933 eos
1128 896 1281 933 tantum
1309 892 1422 932 abest
1448 896 1494 932 ιιι

207 959 279 1009 pro
307 948 426 987 certis
453 947 631 996 habeam,
660 951 706 987 ut
732 947 863 987 labem
890 948 1129 987 contraxisse
1158 945 1342 1001 suspicer.
1392 946 1494 986 Nam

207 1002 248 1041 in
302 1002 407 1041 riore
804 1029 807 1033 ·
1129 1027 1131 1030 -

238 1013 363 1120 κὲἷνω
400 1050 435 1095 σ’
465 1053 575 1096 ὅσων
603 1050 734 1119 ἐγῷδα
758 1054 857 1120 περὶ
885 1051 964 1096 τόν
992 1054 1122 1107 δῆμον
1150 1050 1266 1119 ἄνδρ’
1294 1052 1467 1107 ἄριστον

237 1105 525 1149 ευνουστατόν
551 1124 597 1149 τε
625 1124 679 1162 τη
707 1105 827 1149 πόλει
856 1112 923 1148 καὶ
950 1114 1058 1149 τοῖσι
1087 1104 1361 1151 δακτύλοισιν.
1480 1141 1482 1143 -

206 1160 318 1204 ὅσων
345 1163 548 1212 genetivus
576 1166 730 1204 tantum
747 1163 902 1203 Bentlei
917 1166 959 1203 et
973 1162 1145 1203 Dobraei
1149 1163 1383 1225 conjectura
1404 1175 1492 1203 con-

205 1217 367 1266 tinetur,
395 1229 525 1267 quum,
545 1218 649 1268 quod
665 1218 758 1257 libri
773 1217 997 1268 praebent'
984 1215 1008 1257 0‘
1018 1232 1108 1257 σον
1122 1213 1157 1270 γ’
1176 1220 1217 1256 et
1234 1218 1365 1258 sensui
1377 1217 1492 1268 hujus

205 1271 280 1311 loci
308 1275 348 1311 et
358 1249 602 1312 Graecorum
629 1272 717 1312 usui
732 1271 1174 1313 accommodatissimum
1189 1271 1241 1311 sit
1257 1271 1321 1322 ²⁸).
1353 1271 1490 1312 Altero

203 1327 335 1365 autem'
350 1326 434 1365 loco
453 1326 519 1375 qui
528 1326 741 1366 secundum
760 1326 949 1366 librorum
962 1326 1197 1375 scripturam
1211 1326 1267 1366 sic
1281 1326 1488 1366 exhibetur

260 1394 310 1420 ου
348 1376 489 1420 δεινον
527 1375 606 1420 οὖν
633 1376 723 1431 δῆτ’
751 1376 940 1444 ἐμβάδας
968 1379 1188 1419 τοσουτονὶ
1217 1377 1461 1420 δύνασθαι

260 1434 366 1497 ἐμοῦ
394 1432 439 1473 δὲ
466 1448 528 1486 μη
556 1433 710 1485 μνείαν
739 1433 851 1487 ἔχειν
877 1430 989 1474 ὅσων
1016 1427 1266 1500 πέπονθαὲς

204 1487 459 1527 mutationem
495 1487 758 1527 necessariam
791 1487 903 1528 duco
926 1487 1026 1527 hanc
1055 1483 1079 1526 ὅ
1089 1481 1126 1526 σ’
1150 1482 1205 1526 εὖ
1251 1487 1490 1536 πέπονθας,

204 1542 387 1605 quoniam
415 1556 503 1581 πασ
530 1555 593 1581 ειν
618 1541 781 1581 verbum
809 1543 849 1581 in
876 1541 1019 1581 bonam
1045 1543 1198 1590 partem
1235 1553 1328 1581 non·
1336 1542 1491 1592 accipi-

204 1599 271 1636 tur
298 1595 372 1635 nisi
400 1556 599 1635 advexbiis
626 1599 698 1635 aut
724 1596 935 1645 adjectivis
954 1594 1080 1635 bonae
1098 1595 1392 1644 significationis
1421 1597 1490 1637 ad-

200 1650 316 1700 jectis
326 1650 396 1701 ²⁴).
453 1649 531 1690 Sed
558 1660 607 1689 ne
633 1653 728 1700 apta
755 1649 911 1700 quidem
947 1650 1038 1703 huic
1076 1649 1159 1689 loco
1196 1654 1257 1690 est
1291 1651 1487 1700 attractio,

203 1716 323 1754 quum
350 1705 571 1758 enuntiatio,
594 1705 665 1744 rel.
694 1706 849 1745 omnino
875 1715 952 1744 non
980 1704 1199 1746 necessario
1219 1705 1372 1745 vinculo
1401 1716 1488 1746 cum

204 1760 357 1799 nomine
381 1759 501 1809 μνεία
530 1770 676 1799 conexa
704 1760 766 1799 sit.
821 1758 953 1798 Habet
978 1759 1051 1799 hoc
1088 1769 1163 1808 quo
1208 1760 1491 1800 determinetur

204 1813 429 1864 genetivum
456 1815 575 1865 ἐμοῦ,
605 1813 821 1853 enuntiatio
849 1816 980 1853 autem
1006 1813 1076 1853 rel.
1105 1817 1315 1864 propterea
1337 1816 1490 1854 tantum

203 1867 341 1908 addita
369 1870 441 1916 est,
485 1867 576 1917 quia
603 1868 804 1918 Paphlago
833 1868 959 1908 denuo
986 1868 1118 1917 populi
1145 1869 1267 1909 menti
1293 1868 1490 1909 inculcare

207 1922 303 1970 vult,
339 1924 486 1970 quanta
514 1922 556 1960 ιιι
584 1933 672 1961 eum
700 1921 889 1962 beneficia
917 1922 1139 1971 contulerit,
1173 1926 1219 1962 ut
1244 1923 1340 1962 satis
1367 1924 1489 1963 mani-

205 1975 306 2015 festa
349 1976 402 2014 sit
456 1975 690 2024 significatio
735 1976 977 2016 concessiva:
1028 1980 1122 2023 (mei
1160 1990 1239 2016 non
1270 1976 1488 2021 meminisse,

203 2042 432 2081 quamquam
459 2033 517 2067 tot
543 2034 727 2081 tantaque
753 2031 935 2080 beneficia
961 2043 987 2066 a
1011 2042 1068 2067 mo
1093 2031 1309 2080 accepisti).
1318 2050 1372 2056 -—
1400 2029 1489 2069 Jam

202 2084 248 2122 ut
274 2081 327 2122 ad
355 2080 537 2132 Aeschyli
564 2082 691 2123 locum
717 2082 937 2131 redeamus,
966 2082 1084 2123 etiam
1112 2085 1341 2132 argumento
1369 2093 1489 2124 enun-

202 2137 377 2176 tiationis
413 2136 484 2176 rel.
513 2135 707 2177 attractio
745 2137 978 2177 excluditur.
1035 2136 1204 2177 Tantum
1238 2138 1342 2178 enim
1377 2138 1490 2179 abest

201 2192 247 2230 ut
273 2201 321 2231 ea
344 2189 579 2244 attributum
606 2191 797 2242 adjungat
832 2202 908 2241 quo
943 2201 1085 2231 nomen
1120 2187 1294 2243 πώματα
1329 2203 1488 2234 accura-

126 2256 129 2258 ·
201 2245 278 2285 tius
315 2244 562 2286 describatur
597 2249 668 2286 aut
703 2246 830 2286 artius
866 2245 1088 2294 definiatur,
1124 2248 1170 2286 ut
1209 2248 1363 2297 tantum
1399 2246 1489 2288 huic

286 2384 318 2403 ⁸·
352 2384 404 2421 ef.
426 2384 527 2418 Arist.
550 2385 638 2421 Nub.
663 2385 746 2420 1252
779 2385 857 2420 300⁹
878 2390 913 2429 γε
933 2385 968 2427 μ’
996 2385 1123 2420 auem.
1151 2386 1188 2421 11.
1218 2370 1247 2427 ν’,
1276 2385 1352 2421 222.
1383 2387 1485 2431 Soph.

200 2427 283 2465 Oed.
370 2428 464 2465 1239.
485 2428 569 2465 Phil.
592 2428 685 2465 1403.
706 2428 794 2466 Xon.
817 2429 914 2464 Mem.
937 2428 979 2477 ΙΙ,
1001 2430 1031 2470 1,
1053 2429 1104 2463 21.

288 2472 332 2516 ²⁴)
353 2472 406 2508 cf.
428 2473 622 2506 Passovium
645 2478 678 2507 et
698 2473 836 2518 Papium
858 2474 890 2507 in
911 2474 975 2509 lex.
997 2484 1024 2509 e.
1047 2484 1079 2510 v.
1099 2473 1242 2516 udonem
