<?xml version="1.0" encoding="UTF-8"?>
<!DOCTYPE html PUBLIC "-//W3C//DTD XHTML 1.0 Transitional//EN"
    "http://www.w3.org/TR/xhtml1/DTD/xhtml1-transitional.dtd">
<html xmlns="http://www.w3.org/1999/xhtml" xml:lang="en" lang="en">
 <head>
  <title>
</title>
<meta http-equiv="Content-Type" content="text/html;charset=utf-8" />
  <meta name='ocr-system' content='tesseract 3.04.00' />
  <meta name='ocr-capabilities' content='ocr_page ocr_carea ocr_par ocr_line ocrx_word'/>
</head>
<body>
  <div class='ocr_page' id='page_1' title='image "./4771414_0055.png"; bbox 0 0 1759 2840; ppageno 0'>
   <div class='ocr_carea' id='block_1_1' title="bbox 834 118 886 156">
    <p class='ocr_par' dir='ltr' id='par_1_1' title="bbox 834 118 886 156">
     <span class='ocr_line' id='line_1_1' title="bbox 834 118 886 156; baseline 0.019 -1"><span class='ocrx_word' id='word_1_1' title='bbox 834 118 886 156; x_wconf 81' lang='lat'><strong>43</strong></span> 
     </span>
    </p>
   </div>
   <div class='ocr_carea' id='block_1_2' title="bbox 727 171 983 178">
    <p class='ocr_par' dir='ltr' id='par_1_2' title="bbox 727 171 983 178">
     <span class='ocr_line' id='line_1_2' title="bbox 727 171 983 178; baseline 0 0"><span class='ocrx_word' id='word_1_2' title='bbox 727 171 983 178; x_wconf 95' lang='lat' dir='ltr'><strong> </strong></span> 
     </span>
    </p>
   </div>
   <div class='ocr_carea' id='block_1_3' title="bbox 272 232 1439 423">
    <p class='ocr_par' dir='ltr' id='par_1_3' title="bbox 272 232 1430 423">
     <span class='ocr_line' id='line_1_3' title="bbox 726 232 994 285; baseline -0.005 -10.918"><span class='ocrx_word' id='word_1_3' title='bbox 726 232 882 285; x_wconf 71' lang='lat' dir='ltr'><strong>caput</strong></span> <span class='ocrx_word' id='word_1_4' title='bbox 894 232 994 273; x_wconf 88' lang='lat' dir='ltr'><strong>IV.</strong></span> 
     </span>
     <span class='ocr_line' id='line_1_4' title="bbox 793 298 903 349; baseline 0 -12"><span class='ocrx_word' id='word_1_5' title='bbox 793 298 837 349; x_wconf 60' lang='lat'>5</span> <span class='ocrx_word' id='word_1_6' title='bbox 865 300 903 337; x_wconf 85' lang='grc'><strong>7.</strong></span> 
     </span>
     <span class='ocr_line' id='line_1_5' title="bbox 272 335 1439 423; baseline -0.001 -8"><span class='ocrx_word' id='word_1_7' title='bbox 272 374 528 415; x_wconf 86' lang='lat' dir='ltr'><strong>Attractionis</strong></span> <span class='ocrx_word' id='word_1_8' title='bbox 573 382 666 413; x_wconf 89' lang='lat' dir='ltr'><strong>usus</strong></span> <span class='ocrx_word' id='word_1_9' title='bbox 709 353 858 423; x_wconf 78' lang='lat' dir='ltr'><strong>qualis</strong></span> <span class='ocrx_word' id='word_1_10' title='bbox 878 370 987 423; x_wconf 85' lang='lat' dir='ltr'><strong>apud</strong></span> <span class='ocrx_word' id='word_1_11' title='bbox 1031 335 1264 423; x_wconf 77' lang='lat' dir='ltr'><strong>Aeschylum</strong></span> <span class='ocrx_word' id='word_1_12' title='bbox 1307 372 1439 414; x_wconf 83' lang='lat' dir='ltr'><strong>fuerit.</strong></span> 
     </span>
    </p>
   </div>
   <div class='ocr_carea' id='block_1_4' title="bbox 162 437 1502 1782">
    <p class='ocr_par' dir='ltr' id='par_1_4' title="bbox 214 437 1502 595">
     <span class='ocr_line' id='line_1_6' title="bbox 298 437 1500 492; baseline -0.001 -12"><span class='ocrx_word' id='word_1_13' title='bbox 298 439 357 480; x_wconf 92' lang='lat' dir='ltr'><strong>De</strong></span> <span class='ocrx_word' id='word_1_14' title='bbox 376 438 620 479; x_wconf 78' lang='lat' dir='ltr'><strong>attractionis</strong></span> <span class='ocrx_word' id='word_1_15' title='bbox 639 449 713 477; x_wconf 87' lang='lat' dir='ltr'><strong>usu</strong></span> <span class='ocrx_word' id='word_1_16' title='bbox 730 437 945 492; x_wconf 83' lang='lat' dir='ltr'><strong>Aeschyleo</strong></span> <span class='ocrx_word' id='word_1_17' title='bbox 955 440 1002 478; x_wconf 91' lang='lat' dir='ltr'><strong>ut</strong></span> <span class='ocrx_word' id='word_1_18' title='bbox 1022 437 1173 487; x_wconf 78' lang='lat' dir='ltr'><strong>justum</strong></span> <span class='ocrx_word' id='word_1_19' title='bbox 1187 440 1411 487; x_wconf 81' lang='lat' dir='ltr'><strong>certumque</strong></span> <span class='ocrx_word' id='word_1_20' title='bbox 1429 438 1500 479; x_wconf 89' lang='lat' dir='ltr'><strong>fiat</strong></span> 
     </span>
     <span class='ocr_line' id='line_1_7' title="bbox 214 489 1502 545; baseline -0.002 -11"><span class='ocrx_word' id='word_1_21' title='bbox 214 493 425 545; x_wconf 85' lang='lat' dir='ltr'><strong>Judicium,</strong></span> <span class='ocrx_word' id='word_1_22' title='bbox 460 492 536 531; x_wconf 89' lang='lat' dir='ltr'><strong>duo</strong></span> <span class='ocrx_word' id='word_1_23' title='bbox 564 489 788 541; x_wconf 83' lang='lat' dir='ltr'><strong>quaerenda</strong></span> <span class='ocrx_word' id='word_1_24' title='bbox 821 494 930 539; x_wconf 89' lang='lat' dir='ltr'><strong>sunt,</strong></span> <span class='ocrx_word' id='word_1_25' title='bbox 963 491 1094 541; x_wconf 87' lang='lat' dir='ltr'><strong>priore</strong></span> <span class='ocrx_word' id='word_1_26' title='bbox 1129 490 1212 531; x_wconf 90' lang='lat' dir='ltr'><strong>loco</strong></span> <span class='ocrx_word' id='word_1_27' title='bbox 1249 503 1502 540; x_wconf 83' lang='lat' dir='ltr'><strong>numerus,</strong></span> 
     </span>
     <span class='ocr_line' id='line_1_8' title="bbox 219 541 1281 595; baseline -0.002 -8"><span class='ocrx_word' id='word_1_28' title='bbox 219 547 358 589; x_wconf 82' lang='lat' dir='ltr'><strong>deinde</strong></span> <span class='ocrx_word' id='word_1_29' title='bbox 386 548 571 588; x_wconf 80' lang='lat' dir='ltr'><strong>natura</strong></span> <span class='ocrx_word' id='word_1_30' title='bbox 599 548 748 594; x_wconf 85' lang='lat' dir='ltr'><strong>atque</strong></span> <span class='ocrx_word' id='word_1_31' title='bbox 770 544 979 586; x_wconf 81' lang='lat' dir='ltr'><strong>indoles</strong></span> <span class='ocrx_word' id='word_1_32' title='bbox 1006 541 1281 595; x_wconf 81' lang='lat' dir='ltr'><strong>exemplorum.</strong></span> 
     </span>
    </p>

    <p class='ocr_par' dir='ltr' id='par_1_5' title="bbox 162 598 1500 1782">
     <span class='ocr_line' id='line_1_9' title="bbox 331 598 1498 661; baseline -0.001 -21"><span class='ocrx_word' id='word_1_33' title='bbox 331 600 459 649; x_wconf 89' lang='lat' dir='ltr'><strong>Atque</strong></span> <span class='ocrx_word' id='word_1_34' title='bbox 486 603 532 639; x_wconf 89' lang='lat' dir='ltr'><strong>ut</strong></span> <span class='ocrx_word' id='word_1_35' title='bbox 557 611 582 638; x_wconf 89' lang='lat' dir='ltr'><strong>a</strong></span> <span class='ocrx_word' id='word_1_36' title='bbox 607 609 766 639; x_wconf 89' lang='grc'>1111111810</span> <span class='ocrx_word' id='word_1_37' title='bbox 793 599 938 647; x_wconf 82' lang='lat' dir='ltr'><strong>ordiar,</strong></span> <span class='ocrx_word' id='word_1_38' title='bbox 965 601 1076 649; x_wconf 81' lang='lat' dir='ltr'><strong>patet</strong></span> <span class='ocrx_word' id='word_1_39' title='bbox 1099 598 1335 661; x_wconf 83' lang='lat' dir='ltr'><strong>Aeschylum</strong></span> <span class='ocrx_word' id='word_1_40' title='bbox 1375 601 1498 639; x_wconf 88' lang='lat' dir='ltr'><strong>attra-</strong></span> 
     </span>
     <span class='ocr_line' id='line_1_10' title="bbox 223 641 1499 707; baseline -0.002 -12"><span class='ocrx_word' id='word_1_41' title='bbox 223 655 390 700; x_wconf 89' lang='lat' dir='ltr'><strong>ctionem</strong></span> <span class='ocrx_word' id='word_1_42' title='bbox 416 665 493 693; x_wconf 92' lang='lat' dir='ltr'><strong>non</strong></span> <span class='ocrx_word' id='word_1_43' title='bbox 521 641 657 693; x_wconf 83' lang='lat' dir='ltr'><strong>crebro</strong></span> <span class='ocrx_word' id='word_1_44' title='bbox 695 651 937 707; x_wconf 73' lang='lat' dir='ltr'>adhibuisse,</span> <span class='ocrx_word' id='word_1_45' title='bbox 973 651 1115 692; x_wconf 89' lang='lat' dir='ltr'><strong>nedum</strong></span> <span class='ocrx_word' id='word_1_46' title='bbox 1153 663 1239 692; x_wconf 83' lang='lat' dir='ltr'><strong>eam</strong></span> <span class='ocrx_word' id='word_1_47' title='bbox 1275 653 1316 692; x_wconf 90' lang='lat' dir='ltr'><strong>in</strong></span> <span class='ocrx_word' id='word_1_48' title='bbox 1351 652 1499 693; x_wconf 84' lang='lat' dir='ltr'><strong>deliciis</strong></span> 
     </span>
     <span class='ocr_line' id='line_1_11' title="bbox 226 702 1495 760; baseline -0.003 -10"><span class='ocrx_word' id='word_1_49' title='bbox 226 707 418 750; x_wconf 87' lang='lat' dir='ltr'><strong>habuerit.</strong></span> <span class='ocrx_word' id='word_1_50' title='bbox 472 702 682 760; x_wconf 87' lang='lat' dir='ltr'><strong>Nunquam</strong></span> <span class='ocrx_word' id='word_1_51' title='bbox 702 715 756 747; x_wconf 99' lang='grc' dir='ltr'><strong>θα</strong></span> <span class='ocrx_word' id='word_1_52' title='bbox 775 705 874 749; x_wconf 88' lang='grc'>118118</span> <span class='ocrx_word' id='word_1_53' title='bbox 912 709 972 746; x_wconf 90' lang='lat' dir='ltr'><strong>est</strong></span> <span class='ocrx_word' id='word_1_54' title='bbox 1005 705 1101 746; x_wconf 84' lang='lat' dir='ltr'><strong>locis</strong></span> <span class='ocrx_word' id='word_1_55' title='bbox 1136 705 1256 755; x_wconf 85' lang='lat' dir='ltr'><strong>epicis</strong></span> <span class='ocrx_word' id='word_1_56' title='bbox 1283 709 1324 746; x_wconf 92' lang='lat' dir='ltr'><strong>et</strong></span> <span class='ocrx_word' id='word_1_57' title='bbox 1351 706 1495 756; x_wconf 87' lang='lat' dir='ltr'><strong>lyricis,</strong></span> 
     </span>
     <span class='ocr_line' id='line_1_12' title="bbox 220 757 1497 814; baseline -0.001 -12.999"><span class='ocrx_word' id='word_1_58' title='bbox 220 763 290 814; x_wconf 86' lang='grc'>8811</span> <span class='ocrx_word' id='word_1_59' title='bbox 318 773 367 801; x_wconf 87' lang='grc'><strong>118</strong></span> <span class='ocrx_word' id='word_1_60' title='bbox 393 762 436 800; x_wconf 85' lang='grc'><strong>111</strong></span> <span class='ocrx_word' id='word_1_61' title='bbox 473 761 627 810; x_wconf 82' lang='lat' dir='ltr'>dialogo</span> <span class='ocrx_word' id='word_1_62' title='bbox 655 761 809 809; x_wconf 88' lang='lat' dir='ltr'><strong>quidem</strong></span> <span class='ocrx_word' id='word_1_63' title='bbox 837 761 904 813; x_wconf 88' lang='lat' dir='ltr'><strong>qui</strong></span> <span class='ocrx_word' id='word_1_64' title='bbox 931 760 1089 800; x_wconf 86' lang='lat' dir='ltr'><strong>circiter</strong></span> <span class='ocrx_word' id='word_1_65' title='bbox 1123 757 1292 808; x_wconf 88' lang='lat' dir='ltr'><strong>quatuor</strong></span> <span class='ocrx_word' id='word_1_66' title='bbox 1326 760 1497 801; x_wconf 88' lang='lat' dir='ltr'><strong>millibus</strong></span> 
     </span>
     <span class='ocr_line' id='line_1_13' title="bbox 220 809 1499 869; baseline -0.001 -14"><span class='ocrx_word' id='word_1_67' title='bbox 220 809 513 869; x_wconf 80' lang='lat' dir='ltr'><strong>quadringentis</strong></span> <span class='ocrx_word' id='word_1_68' title='bbox 523 814 574 865; x_wconf 70' lang='lat'><strong>⁵²)</strong></span> <span class='ocrx_word' id='word_1_69' title='bbox 602 814 790 854; x_wconf 87' lang='lat' dir='ltr'><strong>trimetris</strong></span> <span class='ocrx_word' id='word_1_70' title='bbox 818 814 1049 863; x_wconf 82' lang='lat' dir='ltr'><strong>continetur,</strong></span> <span class='ocrx_word' id='word_1_71' title='bbox 1076 813 1244 863; x_wconf 88' lang='lat' dir='ltr'><strong>amplius</strong></span> <span class='ocrx_word' id='word_1_72' title='bbox 1270 816 1379 854; x_wconf 91' lang='lat' dir='ltr'><strong>octo</strong></span> <span class='ocrx_word' id='word_1_73' title='bbox 1407 818 1499 854; x_wconf 89' lang='lat' dir='ltr'><strong>sunt</strong></span> 
     </span>
     <span class='ocr_line' id='line_1_14' title="bbox 220 867 1498 931; baseline -0.002 -22"><span class='ocrx_word' id='word_1_74' title='bbox 220 870 419 931; x_wconf 80' lang='lat' dir='ltr'><strong>exempla:</strong></span> <span class='ocrx_word' id='word_1_75' title='bbox 447 868 551 907; x_wconf 89' lang='lat' dir='ltr'><strong>unde</strong></span> <span class='ocrx_word' id='word_1_76' title='bbox 565 867 733 908; x_wconf 85' lang='lat' dir='ltr'><strong>efficitur</strong></span> <span class='ocrx_word' id='word_1_77' title='bbox 748 879 904 908; x_wconf 79' lang='lat' dir='ltr'><strong>versum</strong></span> <span class='ocrx_word' id='word_1_78' title='bbox 921 878 1109 929; x_wconf 82' lang='lat' dir='ltr'><strong>quemque</strong></span> <span class='ocrx_word' id='word_1_79' title='bbox 1122 868 1498 917; x_wconf 87' lang='lat' dir='ltr'><strong>quinquentesimum</strong></span> 
     </span>
     <span class='ocr_line' id='line_1_15' title="bbox 221 921 1497 974; baseline -0.001 -11"><span class='ocrx_word' id='word_1_80' title='bbox 221 922 583 974; x_wconf 87' lang='lat' dir='ltr'><strong>quinquagesimum</strong></span> <span class='ocrx_word' id='word_1_81' title='bbox 608 933 729 962; x_wconf 93' lang='lat' dir='ltr'><strong>unum</strong></span> <span class='ocrx_word' id='word_1_82' title='bbox 769 921 1013 964; x_wconf 82' lang='lat' dir='ltr'><strong>attractionis</strong></span> <span class='ocrx_word' id='word_1_83' title='bbox 1047 921 1265 970; x_wconf 86' lang='lat' dir='ltr'><strong>exemplum</strong></span> <span class='ocrx_word' id='word_1_84' title='bbox 1302 921 1497 963; x_wconf 86' lang='lat' dir='ltr'><strong>exhibere.</strong></span> 
     </span>
     <span class='ocr_line' id='line_1_16' title="bbox 229 975 1500 1027; baseline 0 -11"><span class='ocrx_word' id='word_1_85' title='bbox 229 977 348 1027; x_wconf 87' lang='lat' dir='ltr'><strong>Cujus</strong></span> <span class='ocrx_word' id='word_1_86' title='bbox 395 977 454 1016; x_wconf 91' lang='lat' dir='ltr'><strong>rei</strong></span> <span class='ocrx_word' id='word_1_87' title='bbox 499 981 656 1016; x_wconf 82' lang='lat' dir='ltr'><strong>causam</strong></span> <span class='ocrx_word' id='word_1_88' title='bbox 690 977 724 1016; x_wconf 89' lang='lat' dir='ltr'><strong>si</strong></span> <span class='ocrx_word' id='word_1_89' title='bbox 765 976 1006 1025; x_wconf 83' lang='lat' dir='ltr'><strong>quaerimus,</strong></span> <span class='ocrx_word' id='word_1_90' title='bbox 1054 987 1132 1014; x_wconf 93' lang='lat' dir='ltr'><strong>non</strong></span> <span class='ocrx_word' id='word_1_91' title='bbox 1176 975 1393 1014; x_wconf 90' lang='lat' dir='ltr'><strong>audiendus</strong></span> <span class='ocrx_word' id='word_1_92' title='bbox 1439 979 1500 1016; x_wconf 88' lang='lat' dir='ltr'><strong>est</strong></span> 
     </span>
     <span class='ocr_line' id='line_1_17' title="bbox 223 1029 1497 1082; baseline -0.002 -11"><span class='ocrx_word' id='word_1_93' title='bbox 223 1030 420 1071; x_wconf 88' lang='lat' dir='ltr'><strong>Krausius</strong></span> <span class='ocrx_word' id='word_1_94' title='bbox 430 1030 492 1081; x_wconf 79' lang='lat'><strong>⁶³,)</strong></span> <span class='ocrx_word' id='word_1_95' title='bbox 545 1041 661 1082; x_wconf 88' lang='lat' dir='ltr'><strong>quum</strong></span> <span class='ocrx_word' id='word_1_96' title='bbox 706 1030 800 1070; x_wconf 90' lang='lat' dir='ltr'><strong>dicit</strong></span> <span class='ocrx_word' id='word_1_97' title='bbox 841 1029 1076 1079; x_wconf 84' lang='lat' dir='ltr'><strong>Aeschylum</strong></span> <span class='ocrx_word' id='word_1_98' title='bbox 1123 1031 1168 1068; x_wconf 93' lang='lat' dir='ltr'><strong>ut</strong></span> <span class='ocrx_word' id='word_1_99' title='bbox 1210 1029 1276 1078; x_wconf 90' lang='lat' dir='ltr'><strong>qui</strong></span> <span class='ocrx_word' id='word_1_100' title='bbox 1301 1030 1497 1079; x_wconf 85' lang='lat' dir='ltr'><strong>gravitate</strong></span> 
     </span>
     <span class='ocr_line' id='line_1_18' title="bbox 222 1083 1499 1133; baseline -0.001 -8"><span class='ocrx_word' id='word_1_101' title='bbox 222 1088 378 1132; x_wconf 85' lang='lat' dir='ltr'><strong>tantum</strong></span> <span class='ocrx_word' id='word_1_102' title='bbox 404 1084 612 1124; x_wconf 82' lang='lat' dir='ltr'><strong>verborum</strong></span> <span class='ocrx_word' id='word_1_103' title='bbox 639 1086 679 1122; x_wconf 91' lang='lat' dir='ltr'><strong>et</strong></span> <span class='ocrx_word' id='word_1_104' title='bbox 705 1084 989 1133; x_wconf 57' lang='lat' dir='ltr'><strong>sententiarum,</strong></span> <span class='ocrx_word' id='word_1_105' title='bbox 1012 1083 1186 1123; x_wconf 92' lang='lat' dir='ltr'><strong>homines</strong></span> <span class='ocrx_word' id='word_1_106' title='bbox 1213 1083 1423 1124; x_wconf 88' lang='lat' dir='ltr'><strong>admonere</strong></span> <span class='ocrx_word' id='word_1_107' title='bbox 1457 1087 1499 1124; x_wconf 90' lang='lat' dir='ltr'><strong>et</strong></span> 
     </span>
     <span class='ocr_line' id='line_1_19' title="bbox 225 1136 1498 1186; baseline -0.002 -8"><span class='ocrx_word' id='word_1_108' title='bbox 225 1139 433 1178; x_wconf 90' lang='lat' dir='ltr'><strong>incendere</strong></span> <span class='ocrx_word' id='word_1_109' title='bbox 459 1138 555 1177; x_wconf 86' lang='lat' dir='ltr'><strong>velit</strong></span> <span class='ocrx_word' id='word_1_110' title='bbox 581 1138 768 1186; x_wconf 84' lang='lat' dir='ltr'><strong>neglectis</strong></span> <span class='ocrx_word' id='word_1_111' title='bbox 795 1138 933 1186; x_wconf 90' lang='lat' dir='ltr'><strong>amplis</strong></span> <span class='ocrx_word' id='word_1_112' title='bbox 961 1137 1148 1181; x_wconf 85' lang='lat' dir='ltr'><strong>orationis</strong></span> <span class='ocrx_word' id='word_1_113' title='bbox 1175 1136 1362 1185; x_wconf 77' lang='lat' dir='ltr'><strong>artificiiS,</strong></span> <span class='ocrx_word' id='word_1_114' title='bbox 1399 1137 1498 1176; x_wconf 90' lang='lat' dir='ltr'><strong>illud</strong></span> 
     </span>
     <span class='ocr_line' id='line_1_20' title="bbox 220 1186 1496 1241; baseline -0.002 -8"><span class='ocrx_word' id='word_1_115' title='bbox 220 1192 418 1233; x_wconf 88' lang='lat' dir='ltr'><strong>orationis</strong></span> <span class='ocrx_word' id='word_1_116' title='bbox 444 1191 770 1240; x_wconf 84' lang='lat' dir='ltr'><strong>conglutinandae</strong></span> <span class='ocrx_word' id='word_1_117' title='bbox 810 1190 1078 1241; x_wconf 86' lang='lat' dir='ltr'><strong>adjumentum</strong></span> <span class='ocrx_word' id='word_1_118' title='bbox 1113 1186 1365 1240; x_wconf 86' lang='lat' dir='ltr'><strong>aspernatum</strong></span> <span class='ocrx_word' id='word_1_119' title='bbox 1399 1202 1496 1231; x_wconf 87' lang='lat' dir='ltr'><strong>esse.</strong></span> 
     </span>
     <span class='ocr_line' id='line_1_21' title="bbox 223 1241 1498 1293; baseline -0.002 -8"><span class='ocrx_word' id='word_1_120' title='bbox 223 1247 391 1286; x_wconf 87' lang='lat' dir='ltr'><strong>Tantum</strong></span> <span class='ocrx_word' id='word_1_121' title='bbox 420 1246 527 1285; x_wconf 90' lang='lat' dir='ltr'><strong>enim</strong></span> <span class='ocrx_word' id='word_1_122' title='bbox 554 1245 667 1285; x_wconf 90' lang='lat' dir='ltr'><strong>abest</strong></span> <span class='ocrx_word' id='word_1_123' title='bbox 694 1249 739 1285; x_wconf 92' lang='lat' dir='ltr'><strong>ut</strong></span> <span class='ocrx_word' id='word_1_124' title='bbox 773 1245 956 1285; x_wconf 81' lang='lat' dir='ltr'><strong>attractio</strong></span> <span class='ocrx_word' id='word_1_125' title='bbox 993 1245 1045 1284; x_wconf 91' lang='lat' dir='ltr'><strong>sit</strong></span> <span class='ocrx_word' id='word_1_126' title='bbox 1080 1245 1192 1293; x_wconf 88' lang='lat' dir='ltr'><strong>quasi</strong></span> <span class='ocrx_word' id='word_1_127' title='bbox 1227 1241 1498 1286; x_wconf 83' lang='lat' dir='ltr'><strong>ornamentum</strong></span> 
     </span>
     <span class='ocr_line' id='line_1_22' title="bbox 221 1297 1496 1360; baseline -0.002 -20"><span class='ocrx_word' id='word_1_128' title='bbox 221 1303 261 1340; x_wconf 90' lang='lat' dir='ltr'><strong>et</strong></span> <span class='ocrx_word' id='word_1_129' title='bbox 281 1300 577 1346; x_wconf 88' lang='lat' dir='ltr'><strong>condimentum,</strong></span> <span class='ocrx_word' id='word_1_130' title='bbox 596 1309 670 1348; x_wconf 92' lang='lat' dir='ltr'><strong>quo</strong></span> <span class='ocrx_word' id='word_1_131' title='bbox 680 1309 851 1348; x_wconf 89' lang='lat' dir='ltr'><strong>asperso,</strong></span> <span class='ocrx_word' id='word_1_132' title='bbox 870 1303 915 1337; x_wconf 93' lang='lat' dir='ltr'><strong>ut</strong></span> <span class='ocrx_word' id='word_1_133' title='bbox 932 1299 990 1337; x_wconf 91' lang='lat' dir='ltr'><strong>ait</strong></span> <span class='ocrx_word' id='word_1_134' title='bbox 1000 1297 1259 1346; x_wconf 85' lang='lat' dir='ltr'><strong>Quintilianus</strong></span> <span class='ocrx_word' id='word_1_135' title='bbox 1278 1297 1363 1349; x_wconf 90' lang='lat' dir='ltr'><strong>(IX,</strong></span> <span class='ocrx_word' id='word_1_136' title='bbox 1376 1301 1411 1346; x_wconf 91' lang='lat'><strong>3,</strong></span> <span class='ocrx_word' id='word_1_137' title='bbox 1430 1299 1496 1360; x_wconf 83' lang='lat'><strong>3.,)</strong></span> 
     </span>
     <span class='ocr_line' id='line_1_23' title="bbox 218 1352 1497 1405; baseline -0.002 -11"><span class='ocrx_word' id='word_1_138' title='bbox 218 1354 428 1405; x_wconf 91' lang='lat' dir='ltr'><strong>jucundior</strong></span> <span class='ocrx_word' id='word_1_139' title='bbox 454 1352 525 1393; x_wconf 88' lang='lat' dir='ltr'><strong>fiat</strong></span> <span class='ocrx_word' id='word_1_140' title='bbox 551 1353 688 1403; x_wconf 91' lang='lat' dir='ltr'><strong>oratio,</strong></span> <span class='ocrx_word' id='word_1_141' title='bbox 715 1355 761 1393; x_wconf 93' lang='lat' dir='ltr'><strong>ut</strong></span> <span class='ocrx_word' id='word_1_142' title='bbox 794 1353 906 1393; x_wconf 90' lang='lat' dir='ltr'><strong>unice</strong></span> <span class='ocrx_word' id='word_1_143' title='bbox 939 1352 1088 1402; x_wconf 88' lang='lat' dir='ltr'><strong>logicae</strong></span> <span class='ocrx_word' id='word_1_144' title='bbox 1118 1353 1216 1393; x_wconf 85' lang='lat' dir='ltr'><strong>artis</strong></span> <span class='ocrx_word' id='word_1_145' title='bbox 1253 1352 1404 1402; x_wconf 88' lang='lat' dir='ltr'><strong>legibus</strong></span> <span class='ocrx_word' id='word_1_146' title='bbox 1439 1352 1497 1392; x_wconf 93' lang='lat' dir='ltr'><strong>in-</strong></span> 
     </span>
     <span class='ocr_line' id='line_1_24' title="bbox 221 1407 1495 1457; baseline -0.001 -9"><span class='ocrx_word' id='word_1_147' title='bbox 221 1409 368 1448; x_wconf 84' lang='lat' dir='ltr'><strong>serviat</strong></span> <span class='ocrx_word' id='word_1_148' title='bbox 402 1411 559 1457; x_wconf 86' lang='lat' dir='ltr'><strong>totaque</strong></span> <span class='ocrx_word' id='word_1_149' title='bbox 598 1420 623 1447; x_wconf 89' lang='lat' dir='ltr'><strong>a</strong></span> <span class='ocrx_word' id='word_1_150' title='bbox 661 1408 851 1456; x_wconf 86' lang='lat' dir='ltr'><strong>dignitate</strong></span> <span class='ocrx_word' id='word_1_151' title='bbox 875 1407 1164 1452; x_wconf 60' lang='lat' dir='ltr'><strong>,enuntiationis</strong></span> <span class='ocrx_word' id='word_1_152' title='bbox 1207 1407 1278 1446; x_wconf 92' lang='lat' dir='ltr'><strong>rel.</strong></span> <span class='ocrx_word' id='word_1_153' title='bbox 1314 1408 1495 1457; x_wconf 87' lang='lat' dir='ltr'><strong>pendeat.</strong></span> 
     </span>
     <span class='ocr_line' id='line_1_25' title="bbox 221 1461 1497 1513; baseline -0.001 -11"><span class='ocrx_word' id='word_1_154' title='bbox 221 1462 435 1513; x_wconf 86' lang='lat' dir='ltr'><strong>Aeschylus</strong></span> <span class='ocrx_word' id='word_1_155' title='bbox 463 1462 733 1502; x_wconf 83' lang='lat' dir='ltr'><strong>attractionem</strong></span> <span class='ocrx_word' id='word_1_156' title='bbox 761 1472 884 1511; x_wconf 91' lang='lat' dir='ltr'><strong>neque</strong></span> <span class='ocrx_word' id='word_1_157' title='bbox 908 1461 1178 1501; x_wconf 84' lang='lat' dir='ltr'><strong>reformidavit</strong></span> <span class='ocrx_word' id='word_1_158' title='bbox 1204 1471 1328 1510; x_wconf 91' lang='lat' dir='ltr'><strong>neque</strong></span> <span class='ocrx_word' id='word_1_159' title='bbox 1365 1472 1497 1511; x_wconf 85' lang='lat' dir='ltr'><strong>asper-</strong></span> 
     </span>
     <span class='ocr_line' id='line_1_26' title="bbox 225 1515 1499 1568; baseline -0.001 -12"><span class='ocrx_word' id='word_1_160' title='bbox 225 1520 341 1557; x_wconf 88' lang='lat' dir='ltr'><strong>natus</strong></span> <span class='ocrx_word' id='word_1_161' title='bbox 368 1519 445 1556; x_wconf 90' lang='lat' dir='ltr'><strong>est:</strong></span> <span class='ocrx_word' id='word_1_162' title='bbox 475 1527 566 1556; x_wconf 90' lang='lat' dir='ltr'><strong>nam</strong></span> <span class='ocrx_word' id='word_1_163' title='bbox 601 1516 729 1555; x_wconf 91' lang='lat' dir='ltr'><strong>nullus</strong></span> <span class='ocrx_word' id='word_1_164' title='bbox 766 1519 826 1555; x_wconf 91' lang='lat' dir='ltr'><strong>est</strong></span> <span class='ocrx_word' id='word_1_165' title='bbox 863 1515 968 1565; x_wconf 90' lang='lat' dir='ltr'><strong>apud</strong></span> <span class='ocrx_word' id='word_1_166' title='bbox 996 1526 1081 1555; x_wconf 89' lang='lat' dir='ltr'><strong>eum</strong></span> <span class='ocrx_word' id='word_1_167' title='bbox 1118 1515 1225 1555; x_wconf 90' lang='lat' dir='ltr'><strong>locus</strong></span> <span class='ocrx_word' id='word_1_168' title='bbox 1260 1515 1302 1555; x_wconf 91' lang='lat' dir='ltr'><strong>in</strong></span> <span class='ocrx_word' id='word_1_169' title='bbox 1339 1526 1414 1568; x_wconf 92' lang='lat' dir='ltr'><strong>quo</strong></span> <span class='ocrx_word' id='word_1_170' title='bbox 1451 1527 1499 1556; x_wconf 88' lang='lat' dir='ltr'><strong>ea</strong></span> 
     </span>
     <span class='ocr_line' id='line_1_27' title="bbox 220 1569 1499 1620; baseline 0 -11"><span class='ocrx_word' id='word_1_171' title='bbox 220 1582 339 1620; x_wconf 84' lang='lat' dir='ltr'><strong>quum</strong></span> <span class='ocrx_word' id='word_1_172' title='bbox 376 1570 595 1609; x_wconf 89' lang='lat' dir='ltr'><strong>necessaria</strong></span> <span class='ocrx_word' id='word_1_173' title='bbox 627 1573 698 1609; x_wconf 89' lang='lat' dir='ltr'><strong>aut</strong></span> <span class='ocrx_word' id='word_1_174' title='bbox 733 1569 991 1619; x_wconf 88' lang='lat' dir='ltr'><strong>praeferenda</strong></span> <span class='ocrx_word' id='word_1_175' title='bbox 1032 1569 1171 1617; x_wconf 76' lang='lat' dir='ltr'><strong>fuerit,</strong></span> <span class='ocrx_word' id='word_1_176' title='bbox 1208 1569 1385 1617; x_wconf 90' lang='lat' dir='ltr'><strong>neglecta</strong></span> <span class='ocrx_word' id='word_1_177' title='bbox 1422 1569 1499 1610; x_wconf 82' lang='lat' dir='ltr'><strong>dici</strong></span> 
     </span>
     <span class='ocr_line' id='line_1_28' title="bbox 162 1621 1496 1674; baseline -0.001 -10"><span class='ocrx_word' id='word_1_178' title='bbox 162 1621 164 1624; x_wconf 79' lang='grc'><strong>’</strong></span> <span class='ocrx_word' id='word_1_179' title='bbox 220 1625 352 1674; x_wconf 87' lang='lat' dir='ltr'><strong>possit.</strong></span> <span class='ocrx_word' id='word_1_180' title='bbox 382 1623 523 1663; x_wconf 86' lang='lat' dir='ltr'><strong>Causa</strong></span> <span class='ocrx_word' id='word_1_181' title='bbox 539 1624 653 1672; x_wconf 89' lang='lat' dir='ltr'><strong>longe</strong></span> <span class='ocrx_word' id='word_1_182' title='bbox 680 1623 758 1663; x_wconf 88' lang='lat' dir='ltr'><strong>alia</strong></span> <span class='ocrx_word' id='word_1_183' title='bbox 776 1623 872 1663; x_wconf 88' lang='lat' dir='ltr'><strong>haec</strong></span> <span class='ocrx_word' id='word_1_184' title='bbox 886 1626 957 1671; x_wconf 89' lang='lat' dir='ltr'><strong>est,</strong></span> <span class='ocrx_word' id='word_1_185' title='bbox 986 1623 1089 1672; x_wconf 90' lang='lat' dir='ltr'><strong>quod</strong></span> <span class='ocrx_word' id='word_1_186' title='bbox 1111 1623 1295 1663; x_wconf 84' lang='lat' dir='ltr'><strong>attractio</strong></span> <span class='ocrx_word' id='word_1_187' title='bbox 1313 1622 1496 1673; x_wconf 88' lang='lat' dir='ltr'><strong>Aeschyli</strong></span> 
     </span>
     <span class='ocr_line' id='line_1_29' title="bbox 221 1675 1496 1728; baseline 0.001 -11"><span class='ocrx_word' id='word_1_188' title='bbox 221 1681 350 1717; x_wconf 83' lang='lat' dir='ltr'><strong>aetate</strong></span> <span class='ocrx_word' id='word_1_189' title='bbox 379 1678 550 1716; x_wconf 90' lang='lat' dir='ltr'><strong>nondum</strong></span> <span class='ocrx_word' id='word_1_190' title='bbox 583 1678 708 1726; x_wconf 88' lang='lat' dir='ltr'><strong>viguit</strong></span> <span class='ocrx_word' id='word_1_191' title='bbox 742 1689 788 1717; x_wconf 91' lang='lat' dir='ltr'><strong>ac</strong></span> <span class='ocrx_word' id='word_1_192' title='bbox 821 1677 973 1728; x_wconf 87' lang='lat' dir='ltr'><strong>floruit,</strong></span> <span class='ocrx_word' id='word_1_193' title='bbox 1000 1677 1069 1716; x_wconf 92' lang='lat' dir='ltr'><strong>sed</strong></span> <span class='ocrx_word' id='word_1_194' title='bbox 1096 1675 1311 1716; x_wconf 87' lang='lat' dir='ltr'><strong>florescere</strong></span> <span class='ocrx_word' id='word_1_195' title='bbox 1348 1688 1496 1726; x_wconf 84' lang='lat' dir='ltr'><strong>usuque</strong></span> 
     </span>
     <span class='ocr_line' id='line_1_30' title="bbox 220 1730 1498 1782; baseline -0.001 -9"><span class='ocrx_word' id='word_1_196' title='bbox 220 1732 342 1782; x_wconf 89' lang='lat' dir='ltr'><strong>recipi</strong></span> <span class='ocrx_word' id='word_1_197' title='bbox 370 1734 506 1781; x_wconf 87' lang='lat' dir='ltr'><strong>coepta</strong></span> <span class='ocrx_word' id='word_1_198' title='bbox 533 1735 604 1772; x_wconf 90' lang='lat' dir='ltr'><strong>est.</strong></span> <span class='ocrx_word' id='word_1_199' title='bbox 657 1731 776 1771; x_wconf 89' lang='lat' dir='ltr'><strong>Nulla</strong></span> <span class='ocrx_word' id='word_1_200' title='bbox 796 1732 907 1771; x_wconf 87' lang='grc'>8111111</span> <span class='ocrx_word' id='word_1_201' title='bbox 932 1731 1015 1781; x_wconf 87' lang='lat' dir='ltr'><strong>ejus</strong></span> <span class='ocrx_word' id='word_1_202' title='bbox 1043 1731 1263 1771; x_wconf 90' lang='lat' dir='ltr'><strong>testimonia</strong></span> <span class='ocrx_word' id='word_1_203' title='bbox 1296 1731 1339 1770; x_wconf 91' lang='grc'><strong>111</strong></span> <span class='ocrx_word' id='word_1_204' title='bbox 1363 1730 1498 1772; x_wconf 83' lang='lat' dir='ltr'><strong>litera-</strong></span> 
     </span>
    </p>
   </div>
   <div class='ocr_carea' id='block_1_5' title="bbox 219 1771 1564 1837">
    <p class='ocr_par' dir='ltr' id='par_1_6' title="bbox 219 1771 1564 1837">
     <span class='ocr_line' id='line_1_31' title="bbox 219 1771 1564 1837; baseline -0.001 -12"><span class='ocrx_word' id='word_1_205' title='bbox 219 1799 307 1826; x_wconf 90' lang='lat' dir='ltr'><strong>rum</strong></span> <span class='ocrx_word' id='word_1_206' title='bbox 333 1787 589 1825; x_wconf 89' lang='lat' dir='ltr'><strong>monumentis</strong></span> <span class='ocrx_word' id='word_1_207' title='bbox 616 1771 717 1825; x_wconf 83' lang='lat' dir='ltr'><strong>bello</strong></span> <span class='ocrx_word' id='word_1_208' title='bbox 745 1787 900 1827; x_wconf 87' lang='lat' dir='ltr'><strong>Persico</strong></span> <span class='ocrx_word' id='word_1_209' title='bbox 928 1785 1205 1826; x_wconf 88' lang='lat' dir='ltr'><strong>vetustioribus</strong></span> <span class='ocrx_word' id='word_1_210' title='bbox 1231 1785 1399 1834; x_wconf 89' lang='lat' dir='ltr'><strong>reperiri</strong></span> <span class='ocrx_word' id='word_1_211' title='bbox 1432 1797 1496 1825; x_wconf 88' lang='lat' dir='ltr'><strong>su·</strong></span> <span class='ocrx_word' id='word_1_212' title='bbox 1561 1834 1564 1837; x_wconf 67' lang='lat'>‚</span> 
     </span>
    </p>
   </div>
   <div class='ocr_carea' id='block_1_6' title="bbox 216 1839 1496 2380">
    <p class='ocr_par' dir='ltr' id='par_1_7' title="bbox 216 1839 1496 2380">
     <span class='ocr_line' id='line_1_32' title="bbox 216 1839 1496 1892; baseline 0 -12"><span class='ocrx_word' id='word_1_213' title='bbox 216 1853 290 1890; x_wconf 88' lang='lat' dir='ltr'><strong>pra</strong></span> <span class='ocrx_word' id='word_1_214' title='bbox 301 1841 353 1892; x_wconf 86' lang='lat' dir='ltr'><strong>(p.</strong></span> <span class='ocrx_word' id='word_1_215' title='bbox 360 1843 378 1879; x_wconf 97' lang='lat'>1</span> <span class='ocrx_word' id='word_1_216' title='bbox 385 1840 411 1891; x_wconf 93' lang='lat'><strong>.)</strong></span> <span class='ocrx_word' id='word_1_217' title='bbox 423 1840 548 1880; x_wconf 90' lang='lat' dir='ltr'><strong>docui.</strong></span> <span class='ocrx_word' id='word_1_218' title='bbox 578 1840 823 1880; x_wconf 89' lang='lat' dir='ltr'><strong>Incrementa</strong></span> <span class='ocrx_word' id='word_1_219' title='bbox 829 1842 963 1880; x_wconf 86' lang='lat' dir='ltr'><strong>autem</strong></span> <span class='ocrx_word' id='word_1_220' title='bbox 973 1850 1072 1889; x_wconf 84' lang='lat' dir='ltr'><strong>quae</strong></span> <span class='ocrx_word' id='word_1_221' title='bbox 1082 1840 1168 1889; x_wconf 90' lang='lat' dir='ltr'><strong>ipsa</strong></span> <span class='ocrx_word' id='word_1_222' title='bbox 1174 1839 1357 1890; x_wconf 88' lang='lat' dir='ltr'><strong>Aeschyli</strong></span> <span class='ocrx_word' id='word_1_223' title='bbox 1365 1842 1496 1880; x_wconf 85' lang='lat' dir='ltr'><strong>aetate</strong></span> 
     </span>
     <span class='ocr_line' id='line_1_33' title="bbox 217 1893 1496 1943; baseline -0.001 -10"><span class='ocrx_word' id='word_1_224' title='bbox 217 1894 455 1943; x_wconf 86' lang='lat' dir='ltr'><strong>pedetentim</strong></span> <span class='ocrx_word' id='word_1_225' title='bbox 483 1895 630 1942; x_wconf 89' lang='lat' dir='ltr'><strong>ceperit</strong></span> <span class='ocrx_word' id='word_1_226' title='bbox 645 1894 841 1942; x_wconf 88' lang='lat' dir='ltr'><strong>attractio,</strong></span> <span class='ocrx_word' id='word_1_227' title='bbox 869 1894 988 1932; x_wconf 89' lang='lat' dir='ltr'><strong>etiam</strong></span> <span class='ocrx_word' id='word_1_228' title='bbox 1015 1905 1116 1932; x_wconf 92' lang='lat' dir='ltr'><strong>nunc</strong></span> <span class='ocrx_word' id='word_1_229' title='bbox 1142 1904 1373 1941; x_wconf 84' lang='lat' dir='ltr'><strong>cognoscere</strong></span> <span class='ocrx_word' id='word_1_230' title='bbox 1392 1893 1496 1942; x_wconf 87' lang='lat' dir='ltr'><strong>licet,</strong></span> 
     </span>
     <span class='ocr_line' id='line_1_34' title="bbox 218 1947 1496 2001; baseline -0.001 -13"><span class='ocrx_word' id='word_1_231' title='bbox 218 1948 252 1988; x_wconf 90' lang='lat' dir='ltr'><strong>si</strong></span> <span class='ocrx_word' id='word_1_232' title='bbox 278 1947 456 1998; x_wconf 43' lang='lat' dir='ltr'><strong>singulas,</strong></span> <span class='ocrx_word' id='word_1_233' title='bbox 479 1948 563 1998; x_wconf 88' lang='lat' dir='ltr'><strong>ejus</strong></span> <span class='ocrx_word' id='word_1_234' title='bbox 591 1947 814 1997; x_wconf 86' lang='lat' dir='ltr'><strong>tragoedias</strong></span> <span class='ocrx_word' id='word_1_235' title='bbox 849 1958 924 1997; x_wconf 89' lang='lat' dir='ltr'><strong>quo</strong></span> <span class='ocrx_word' id='word_1_236' title='bbox 944 1958 1015 2001; x_wconf 16' lang='lat' dir='ltr'><strong>*sel</strong></span> <span class='ocrx_word' id='word_1_237' title='bbox 1037 1950 1274 1997; x_wconf 86' lang='lat' dir='ltr'><strong>exceperunt</strong></span> <span class='ocrx_word' id='word_1_238' title='bbox 1309 1947 1496 1997; x_wconf 86' lang='lat' dir='ltr'><strong>temporis</strong></span> 
     </span>
     <span class='ocr_line' id='line_1_35' title="bbox 218 2001 1495 2051; baseline -0.001 -9"><span class='ocrx_word' id='word_1_239' title='bbox 218 2003 354 2042; x_wconf 91' lang='lat' dir='ltr'><strong>ordine</strong></span> <span class='ocrx_word' id='word_1_240' title='bbox 381 2003 674 2051; x_wconf 89' lang='lat' dir='ltr'><strong>perlustramus.</strong></span> <span class='ocrx_word' id='word_1_241' title='bbox 702 2003 749 2042; x_wconf 89' lang='lat' dir='ltr'><strong>In</strong></span> <span class='ocrx_word' id='word_1_242' title='bbox 774 2003 904 2042; x_wconf 89' lang='lat' dir='ltr'><strong>Persis</strong></span> <span class='ocrx_word' id='word_1_243' title='bbox 932 2003 1035 2042; x_wconf 92' lang='lat' dir='ltr'><strong>enim</strong></span> <span class='ocrx_word' id='word_1_244' title='bbox 1059 2001 1195 2042; x_wconf 81' lang='lat' dir='ltr'><strong>fabula</strong></span> <span class='ocrx_word' id='word_1_245' title='bbox 1222 2002 1495 2049; x_wconf 86' lang='lat' dir='ltr'><strong>vetustissima,</strong></span> 
     </span>
     <span class='ocr_line' id='line_1_36' title="bbox 219 2055 1495 2109; baseline -0.001 -14"><span class='ocrx_word' id='word_1_246' title='bbox 219 2068 335 2109; x_wconf 89' lang='lat' dir='ltr'><strong>quam</strong></span> <span class='ocrx_word' id='word_1_247' title='bbox 362 2067 463 2095; x_wconf 89' lang='lat' dir='ltr'><strong>anno</strong></span> <span class='ocrx_word' id='word_1_248' title='bbox 485 2059 562 2095; x_wconf 84' lang='lat'><strong>473</strong></span> <span class='ocrx_word' id='word_1_249' title='bbox 591 2059 719 2095; x_wconf 90' lang='lat' dir='ltr'><strong>actam</strong></span> <span class='ocrx_word' id='word_1_250' title='bbox 737 2067 821 2096; x_wconf 90' lang='lat' dir='ltr'><strong>esse</strong></span> <span class='ocrx_word' id='word_1_251' title='bbox 840 2056 992 2104; x_wconf 87' lang='lat' dir='ltr'><strong>scimus,</strong></span> <span class='ocrx_word' id='word_1_252' title='bbox 1019 2056 1168 2095; x_wconf 92' lang='lat' dir='ltr'><strong>nullum</strong></span> <span class='ocrx_word' id='word_1_253' title='bbox 1181 2058 1242 2094; x_wconf 93' lang='lat' dir='ltr'><strong>est</strong></span> <span class='ocrx_word' id='word_1_254' title='bbox 1255 2055 1495 2104; x_wconf 81' lang='lat' dir='ltr'><strong>exemplum3</strong></span> 
     </span>
     <span class='ocr_line' id='line_1_37' title="bbox 218 2110 1495 2163; baseline -0.001 -13"><span class='ocrx_word' id='word_1_255' title='bbox 218 2110 366 2150; x_wconf 92' lang='lat' dir='ltr'><strong>nullum</strong></span> <span class='ocrx_word' id='word_1_256' title='bbox 392 2110 434 2149; x_wconf 92' lang='lat' dir='ltr'><strong>in</strong></span> <span class='ocrx_word' id='word_1_257' title='bbox 463 2110 718 2159; x_wconf 89' lang='lat' dir='ltr'><strong>Supplicibus,</strong></span> <span class='ocrx_word' id='word_1_258' title='bbox 748 2121 845 2163; x_wconf 87' lang='lat' dir='ltr'><strong>quas</strong></span> <span class='ocrx_word' id='word_1_259' title='bbox 863 2121 965 2150; x_wconf 88' lang='lat' dir='ltr'><strong>anno</strong></span> <span class='ocrx_word' id='word_1_260' title='bbox 985 2112 1060 2150; x_wconf 87' lang='lat'><strong>461</strong></span> <span class='ocrx_word' id='word_1_261' title='bbox 1084 2110 1249 2159; x_wconf 88' lang='lat' dir='ltr'><strong>scriptas</strong></span> <span class='ocrx_word' id='word_1_262' title='bbox 1268 2120 1352 2149; x_wconf 90' lang='lat' dir='ltr'><strong>esse</strong></span> <span class='ocrx_word' id='word_1_263' title='bbox 1366 2120 1495 2159; x_wconf 87' lang='lat' dir='ltr'><strong>paene</strong></span> 
     </span>
     <span class='ocr_line' id='line_1_38' title="bbox 218 2164 1496 2214; baseline -0.001 -10"><span class='ocrx_word' id='word_1_264' title='bbox 218 2165 379 2204; x_wconf 88' lang='lat' dir='ltr'><strong>evidens</strong></span> <span class='ocrx_word' id='word_1_265' title='bbox 428 2164 650 2214; x_wconf 86' lang='lat' dir='ltr'><strong>conjectura</strong></span> <span class='ocrx_word' id='word_1_266' title='bbox 694 2167 754 2204; x_wconf 92' lang='lat' dir='ltr'><strong>est</strong></span> <span class='ocrx_word' id='word_1_267' title='bbox 794 2164 990 2205; x_wconf 87' lang='lat' dir='ltr'><strong>Boeckhii.</strong></span> <span class='ocrx_word' id='word_1_268' title='bbox 1074 2164 1389 2204; x_wconf 76' lang='lat' dir='ltr'><strong>vetustissimum</strong></span> <span class='ocrx_word' id='word_1_269' title='bbox 1436 2166 1496 2203; x_wconf 89' lang='lat' dir='ltr'><strong>est</strong></span> 
     </span>
     <span class='ocr_line' id='line_1_39' title="bbox 224 2217 1495 2272; baseline -0.001 -15"><span class='ocrx_word' id='word_1_270' title='bbox 224 2218 444 2268; x_wconf 84' lang='lat' dir='ltr'><strong>exemplum</strong></span> <span class='ocrx_word' id='word_1_271' title='bbox 472 2218 513 2256; x_wconf 91' lang='lat' dir='ltr'><strong>in</strong></span> <span class='ocrx_word' id='word_1_272' title='bbox 536 2218 692 2267; x_wconf 88' lang='lat' dir='ltr'><strong>Septem</strong></span> <span class='ocrx_word' id='word_1_273' title='bbox 717 2217 864 2267; x_wconf 88' lang='lat' dir='ltr'><strong>fabula,</strong></span> <span class='ocrx_word' id='word_1_274' title='bbox 894 2229 1010 2272; x_wconf 92' lang='lat' dir='ltr'><strong>quam</strong></span> <span class='ocrx_word' id='word_1_275' title='bbox 1036 2218 1191 2258; x_wconf 91' lang='lat' dir='ltr'><strong>circiter</strong></span> <span class='ocrx_word' id='word_1_276' title='bbox 1218 2220 1427 2259; x_wconf 77' lang='lat' dir='ltr'><strong>anno-460</strong></span> <span class='ocrx_word' id='word_1_277' title='bbox 1454 2218 1495 2257; x_wconf 91' lang='lat' dir='ltr'><strong>in</strong></span> 
     </span>
     <span class='ocr_line' id='line_1_40' title="bbox 218 2271 1495 2323; baseline -0.002 -10"><span class='ocrx_word' id='word_1_278' title='bbox 218 2283 373 2313; x_wconf 84' lang='lat' dir='ltr'><strong>scenam</strong></span> <span class='ocrx_word' id='word_1_279' title='bbox 401 2272 573 2312; x_wconf 88' lang='lat' dir='ltr'><strong>delatam</strong></span> <span class='ocrx_word' id='word_1_280' title='bbox 600 2283 685 2312; x_wconf 89' lang='lat' dir='ltr'><strong>esse</strong></span> <span class='ocrx_word' id='word_1_281' title='bbox 712 2272 898 2323; x_wconf 88' lang='lat' dir='ltr'><strong>suspicati</strong></span> <span class='ocrx_word' id='word_1_282' title='bbox 923 2275 1016 2313; x_wconf 89' lang='lat' dir='ltr'><strong>sunt</strong></span> <span class='ocrx_word' id='word_1_283' title='bbox 1040 2272 1116 2312; x_wconf 83' lang='lat' dir='ltr'><strong>viri</strong></span> <span class='ocrx_word' id='word_1_284' title='bbox 1144 2272 1247 2312; x_wconf 92' lang='lat' dir='ltr'><strong>docti</strong></span> <span class='ocrx_word' id='word_1_285' title='bbox 1282 2271 1388 2311; x_wconf 84' lang='lat' dir='ltr'><strong>haud</strong></span> <span class='ocrx_word' id='word_1_286' title='bbox 1423 2272 1495 2312; x_wconf 88' lang='lat' dir='ltr'><strong>im-</strong></span> 
     </span>
     <span class='ocr_line' id='line_1_41' title="bbox 216 2326 1495 2380; baseline -0.002 -13"><span class='ocrx_word' id='word_1_287' title='bbox 216 2326 483 2377; x_wconf 88' lang='lat' dir='ltr'><strong>probabiliter,</strong></span> <span class='ocrx_word' id='word_1_288' title='bbox 512 2327 629 2380; x_wconf 89' lang='lat' dir='ltr'><strong>idque</strong></span> <span class='ocrx_word' id='word_1_289' title='bbox 657 2327 771 2376; x_wconf 82' lang='lat' dir='ltr'><strong>longe</strong></span> <span class='ocrx_word' id='word_1_290' title='bbox 798 2326 1132 2377; x_wconf 84' lang='lat' dir='ltr'><strong>simplicissimum,</strong></span> <span class='ocrx_word' id='word_1_291' title='bbox 1160 2326 1351 2379; x_wconf 91' lang='lat' dir='ltr'><strong>siquidem</strong></span> <span class='ocrx_word' id='word_1_292' title='bbox 1373 2336 1495 2366; x_wconf 89' lang='lat' dir='ltr'><strong>enun-</strong></span> 
     </span>
    </p>
   </div>
   <div class='ocr_carea' id='block_1_7' title="bbox 216 2404 473 2412">
    <p class='ocr_par' dir='ltr' id='par_1_8' title="bbox 216 2404 473 2412">
     <span class='ocr_line' id='line_1_42' title="bbox 216 2404 473 2412; baseline 0 428"><span class='ocrx_word' id='word_1_293' title='bbox 216 2404 473 2412; x_wconf 95' lang='lat' dir='ltr'><strong> </strong></span> 
     </span>
    </p>
   </div>
   <div class='ocr_carea' id='block_1_8' title="bbox 218 2427 1496 2565">
    <p class='ocr_par' dir='ltr' id='par_1_9' title="bbox 218 2427 1496 2565">
     <span class='ocr_line' id='line_1_43' title="bbox 304 2427 1496 2487; baseline 0.002 -19.052"><span class='ocrx_word' id='word_1_294' title='bbox 304 2434 542 2487; x_wconf 73' lang='lat' dir='ltr'><strong>“)Numeravi</strong></span> <span class='ocrx_word' id='word_1_295' title='bbox 581 2447 643 2480; x_wconf 86' lang='lat' dir='ltr'><strong>ego</strong></span> <span class='ocrx_word' id='word_1_296' title='bbox 679 2435 712 2469; x_wconf 86' lang='lat' dir='ltr'><strong>in</strong></span> <span class='ocrx_word' id='word_1_297' title='bbox 745 2427 868 2480; x_wconf 78' lang='lat' dir='ltr'><strong>septem</strong></span> <span class='ocrx_word' id='word_1_298' title='bbox 901 2435 1080 2480; x_wconf 78' lang='lat' dir='ltr'><strong>tragoediis</strong></span> <span class='ocrx_word' id='word_1_299' title='bbox 1111 2435 1208 2476; x_wconf 79' lang='lat'><strong>4073,</strong></span> <span class='ocrx_word' id='word_1_300' title='bbox 1243 2433 1275 2467; x_wconf 87' lang='grc'><strong>111</strong></span> <span class='ocrx_word' id='word_1_301' title='bbox 1305 2433 1496 2479; x_wconf 68' lang='lat' dir='ltr'><strong>fragmentis</strong></span> 
     </span>
     <span class='ocr_line' id='line_1_44' title="bbox 218 2479 477 2514; baseline -0.012 0"><span class='ocrx_word' id='word_1_302' title='bbox 218 2480 282 2514; x_wconf 85' lang='lat'><strong>320</strong></span> <span class='ocrx_word' id='word_1_303' title='bbox 304 2479 477 2513; x_wconf 71' lang='lat' dir='ltr'><strong>trimetros.</strong></span> 
     </span>
     <span class='ocr_line' id='line_1_45' title="bbox 303 2521 790 2565; baseline -0.004 -8.865"><span class='ocrx_word' id='word_1_304' title='bbox 303 2521 422 2565; x_wconf 74' lang='lat' dir='ltr'><strong>”.)cf</strong></span> <span class='ocrx_word' id='word_1_305' title='bbox 445 2521 618 2558; x_wconf 43' lang='lat' dir='ltr'><strong>deattrml</strong></span> <span class='ocrx_word' id='word_1_306' title='bbox 639 2521 662 2559; x_wconf 86' lang='lat'><strong>1.</strong></span> <span class='ocrx_word' id='word_1_307' title='bbox 682 2531 715 2565; x_wconf 89' lang='lat' dir='ltr'><strong>p.</strong></span> <span class='ocrx_word' id='word_1_308' title='bbox 740 2521 790 2556; x_wconf 87' lang='lat'><strong>17.</strong></span> 
     </span>
    </p>
   </div>
  </div>
 </body>
</html>
