1759 2840
856 110 907 163 2'6

238 240 489 281 scholiastam
518 234 575 280 ὧν
603 240 744 289 legisse
772 240 1004 281 concludere
1031 240 1213 290 potuerit,
1226 240 1424 308 equidem
1450 250 1527 280 non

238 295 364 335 video.
428 294 531 335 Nam
578 293 700 334 verba
726 294 852 337 ιιιιιιο
897 295 1025 344 posita
1060 291 1168 347 νπὲρ
1213 289 1271 335 ὧν
1297 291 1525 346 ’ἐφόνευσα

239 345 548 411 Ἀἴαμέμνονω
575 345 816 389 &nolanum
833 349 932 389 nihil
958 348 1069 389 aliud
1106 347 1325 398 significare
1364 351 1527 398 possunt

234 402 332 442 nisi:
388 404 577 466 refecistis
602 415 658 441 me
678 407 890 454 propterea
920 404 1026 455 quod
1048 402 1359 454 Agamemnonem
1381 403 1527 442 occidi.

238 456 423 498 Formula
450 452 558 507 ὑπὲρ
587 451 645 496 ὧν
656 455 877 496 manifesto
905 456 1009 497 idem
1044 454 1239 506 significat
1271 456 1389 507 atque
1416 466 1526 505 ‚quae

234 512 391 561 saepius
419 511 591 551 occurrit
618 506 720 550 ἄνθ’
747 505 805 551 ων
832 522 956 561 neque
983 511 1031 551 ob
1061 511 1179 551 aliam
1205 522 1363 552 causam
1376 523 1400 551 a
1416 510 1525 550 scho-

236 565 353 606 liasta
379 565 508 615 posita
535 564 703 612 videtur,
722 575 840 613 quam
866 569 911 605 ut
939 580 992 607 ως
1009 565 1244 615 particulam
1262 564 1311 605 ab
1334 563 1526 614 Aeschylo

235 614 467 670 usurpatam
512 618 736 669 explicaret
808 619 865 659 Ac
902 631 951 659 ne
987 619 1029 658 in
1073 619 1325 669 sequentibus
1370 618 1527 669 quidem

238 674 370 713 verbis
410 672 659 713 παιδευτικοί
694 672 745 712 δὲ.
775 674 859 713 κτλ.
898 674 1103 723 quicquam
1138 674 1240 717 inest
1285 684 1360 722 quo
1405 672 1527 712 verba

236 722 295 767 ὧν
332 730 510 766 ἔκτανον
545 723 707 769 ὄνειδος
733 730 841 766 recte
868 728 987 767 scribi
1024 728 1250 767 credamus
1270 727 1343 767 hac
1379 725 1524 775 signifi-

235 782 410 821 catione:
475 780 687 832 opprobria
713 793 848 819 mrum
877 791 969 833 quos
1006 783 1185 831 interfeci
1220 781 1261 833 (i.
1297 792 1331 821 e.
1359 781 1526 830 Agame·

237 835 417 885 mnonis).
445 833 554 873 Nihil
580 833 684 872 enim
697 834 805 874 aliud
820 834 1028 875 scholiasta
1056 834 1152 874 dicit
1169 845 1285 884 quam
1312 835 1396 883 hoc,
1424 834 1526 875 velle

235 889 470 939 Aeschylum
506 886 749 927 audientium
778 888 981 928 mentibus
1027 887 1216 928 mandare
1254 893 1412 942 ἐναγεῖς
1437 890 1462 928 ι.
1492 899 1524 927 e.

234 943 410 983 homines
438 942 506 991 qui
533 940 665 981 caedis
703 941 818 991 culpa
855 953 897 982 se
933 943 1238 991 maculaverunt,
1277 954 1326 982 ne
1354 942 1396 982 in
1424 942 1525 982 Orco

235 998 393 1055 quidem
430 1008 455 1036 a
491 996 655 1035 mortuis
697 995 795 1035 ullo
814 996 961 1036 honore
995 996 1145 1036 haberi.
1203 996 1280 1037 Sed
1308 1000 1353 1036 ut
1380 996 1526 1036 nullam

234 1063 259 1091 a
307 1051 541 1114 scholiastae
595 1050 920 1100 interpretatione
967 1051 1338 1091 commendationem
1383 1049 1527 1090 habeat

235 1106 431 1168 scriptur-a
460 1119 525 1153 ως,
553 1104 616 1143 vel
643 1107 805 1154 propter
832 1115 987 1145 sensum
1014 1105 1274 1155 praeferenda
1290 1108 1360 1145 est.
1396 1104 1525 1145 Cardo

234 1160 338 1199 enim
364 1160 436 1208 rei,
464 1161 510 1198 ut
537 1158 706 1198 Mueller
731 1162 839 1198 recte
867 1160 1155 1208 animadvertit,
1192 1170 1269 1199 non
1296 1160 1338 1198 in
1372 1159 1466 1199 hac
1482 1170 1526 1198 re

233 1215 415 1263 vertitur,
443 1212 547 1263 quod
574 1212 904 1262 Agamemnonem
931 1226 956 1253 a
983 1225 1025 1254 se
1052 1214 1229 1254 occisum
1248 1213 1344 1253 dicit
1370 1213 1525 1263 Clytae-

235 1272 398 1317 mestra,
427 1267 497 1307 sed
527 1267 630 1318 quod
658 1268 814 1307 omnino
850 1269 982 1310 caedis
1016 1269 1177 1308 crimine
1199 1268 1254 1307 'se
1290 1268 1526 1308 contamina-

232 1323 302 1362 vit.
362 1323 484 1361 Ιιιιιιιο
511 1331 604 1360 vero
633 1324 770 1360 contra
797 1333 882 1361 rem
910 1333 1022 1361 suam
1047 1333 1095 1361 ea
1118 1321 1288 1361 faciebat
1298 1322 1526 1370 pronomine
1547 1334 1551 1338 ·

234 1377 305 1416 rel.
336 1390 394 1415 ων
421 1375 598 1415 indicans
620 1385 735 1423 quem
762 1376 1024 1418 interfecisset
1037 1376 1156 1416 fuisse
1185 1376 1370 1415 maritum
1398 1386 1525 1424 suum,

234 1431 376 1485 quippe
404 1440 504 1479 quae
532 1429 679 1468 crimen
706 1440 820 1469 suum
848 1430 984 1470 eodem
1011 1431 1094 1470 loco
1109 1430 1248 1469 haberi
1264 1429 1383 1469 vellet
1407 1432 1524 1479 atque

232 1496 367 1526 necem
394 1483 563 1546 cujusvis
590 1484 756 1532 generis,
786 1484 937 1524 Orestis
973 1488 1104 1524 autem
1139 1484 1290 1524 facinus
1316 1487 1362 1523 ut
1389 1484 1522 1524 matri-

231 1539 378 1580 cidium
419 1538 596 1604 majore
616 1538 804 1588 supplicio
852 1539 1023 1588 dignum
1104 1540 1230 1588 Quam
1288 1550 1381 1578 vero
1426 1538 1526 1578 Her-

231 1602 397 1633 mannus
425 1593 530 1632 inter
565 1586 623 1631 οἷν
650 1593 675 1631 i
704 1603 737 1631 e.
766 1593 1095 1642 Agamemnonem
1130 1597 1172 1634 et
1188 1593 1284 1632 ,τῶν
1314 1590 1527 1642 φιλτατων

231 1649 256 1688 ι.
286 1659 319 1687 e.
350 1647 529 1687 Orestem
556 1647 696 1685 statuit
722 1647 1056 1697 aequabilitatem,
1085 1659 1132 1688 ea
1159 1647 1255 1686 mihi
1282 1646 1334 1686 ad
1362 1646 1526 1686 nihilum

231 1702 363 1742 redire
390 1701 570 1749 videtur,
607 1701 799 1749 siquidem
837 1702 997 1742 caedem
1037 1713 1245 1752 perpessus
1273 1704 1334 1741 est
1360 1701 1526 1750 Agame-

223 1756 335 1805 mno,
365 1755 524 1795 Orestes
550 1756 806 1805 perpetravit.
884 1756 1071 1807 Componi
1119 1768 1196 1796 non
1223 1758 1407 1805 poterant
1452 1755 1527 1794 nisi

233 1810 385 1851 Orestis
413 1813 455 1850 et
484 1809 798 1860 Clytaemestrae
827 1810 1012 1851 facinora.
1070 1811 1188 1859 Quod,
1221 1821 1314 1849 vero
1343 1807 1526 1859 gravissi-

230 1876 338 1904 mum
364 1866 425 1903 est
451 1864 504 1904 ad
533 1860 586 1906 οἷς
612 1864 847 1912 particulam
874 1866 1072 1914 tuendam,
1129 1865 1332 1904 enuntiata
1354 1866 1526 1913 interpo-

233 1920 311 1959 sita
338 1918 372 1958 si
399 1918 624 1966 omittimus,
654 1916 862 1958 efflorescit
887 1918 1170 1968 quodammodo
1205 1918 1370 1957 duorum
1405 1929 1525 1958 mem-

231 1974 395 2014 brorum
407 1972 598 2023 oppositio
616 1973 823 2023 conjuncta
851 1985 939 2014 cum
967 1973 1273 2036 exaggeratione
1301 1967 1523 2023 aptissima:

238 2041 291 2073 ως
319 2032 402 2081 μὲν
430 2025 625 2074 ἔκτανον,
654 2024 815 2071 ὄνειδος
843 2031 890 2068 ἐν
918 2032 1140 2093 φθιτοῖσιν
1168 2024 1241 2067 οὐκ
1279 2027 1523 2072 ἐκλείπεται,

438 2080 644 2122 παθοῦσα
689 2076 731 2121 δ’
764 2078 873 2121 οὕτω
910 2079 1025 2123 δεινοὶ
1054 2096 1160 2135 προς
1195 2080 1280 2122 τῶν
1313 2077 1526 2134 φιλτατων

589 2166 592 2168 -
667 2130 803 2179 οὐδεὶς
830 2132 937 2188 ὑπὲρ
960 2151 1043 2188 μου
1072 2133 1290 2189 δαιμόνων
1318 2135 1527 2188 μηνίεται.

341 2190 480 2243 (Quod
507 2202 579 2240 eqo
605 2191 798 2240 interfeci,
824 2190 897 2228 Ιιοσ
922 2191 1018 2229 mihi
1043 2191 1117 2230 vel
1127 2192 1169 2229 in
1193 2202 1284 2228 orco
1313 2191 1523 2240 opprobrio

229 2245 414 2291 venitin,-
451 2243 557 2296 quod
589 2256 676 2282 vero
712 2245 917 2305 interfecta
952 2257 1031 2282 sum
1058 2258 1083 2282 a
1107 2245 1204 2294 filio,
1241 2244 1284 2280 ia
1306 2243 1405 2281 nulli
1432 2244 1524 2282 deo-

229 2311 313 2336 rum
346 2310 462 2336 curae
489 2300 573 2346 est.)
600 2319 655 2325 --
683 2297 772 2336 Jam
786 2299 832 2336 ut
846 2311 898 2341 ως
912 2297 1129 2359 particulae
1147 2298 1340 2337 rationem
1361 2296 1526 2336 reddam

228 2350 539 2401 grammaticam,
569 2363 657 2401 non,
687 2362 787 2401 quae
811 2351 887 2391 fuit
914 2351 1042 2401 opinio
1057 2351 1253 2401 Muelleri,
1283 2350 1333 2390 ab
1364 2348 1525 2395 ὄνειδος

228 2405 487 2455 substantivo,
522 2406 592 2446 sed
619 2418 644 2446 a
672 2407 756 2446 tota
794 2406 987 2447 locutione
1026 2402 1191 2451 ὄνειδός
1219 2402 1264 2459 μ’
1292 2401 1373 2446 οὐκ
1394 2404 1524 2445 ἐκλεί-

228 2476 353 2502 πεται
381 2461 487 2501 idem
514 2459 750 2510 significanti
777 2464 895 2511 atque
924 2457 986 2501 αἐὶ
1018 2456 1266 2513 ὀνειδιζομαι
1304 2471 1351 2500 ea
1366 2470 1524 2510 suspen-
