1759 2840
822 102 870 140 31

199 215 420 266 confugere,
449 228 568 269 quum
595 228 643 257 ex
659 218 860 260 enuntiato
888 215 1213 269 antecedentimy'
1229 215 1315 271 μου
1335 217 1487 271 προκή-

201 269 280 312 δου,
304 272 471 321 μᾶσσον
485 271 761 323 accusativum
788 281 881 321 cum.
901 270 1091 313 infinitivo
1119 274 1163 311 σὲ
1200 267 1486 324 προκήδεσθαι

198 324 378 374 supplere
406 323 524 365 liceat
550 337 623 376 per
650 325 806 376 linguae
834 326 951 375 leges,
1005 325 1095 365 Ain'
1121 326 1243 375 vero?
1271 326 1389 367 etiam
1415 338 1487 377 per

199 379 381 419 sensum?
408 379 472 418 An
498 390 576 419 non
594 380 657 420 hic
685 379 904 422 contrarius
918 379 1073 431 exsistit
1098 379 1136 420 ei
1155 380 1229 433 -qui
1242 380 1485 433 requiritur?

201 454 248 461 —
289 432 354 475 At·
369 433 463 473 licet
489 434 724 482 cogitatione
752 434 934 484 supplere
953 429 1114 486 ‚eodem
1144 448 1188 474 σε
1209 436 1363 487 φρένας
1382 431 1488 487 ἐμάς

199 496 247 525 ex
274 486 405 528 verbis
431 487 655 543 Promethei
685 500 785 542 quae
812 490 1106 529 antecesserunt

279 557 446 613 φθόνος
480 565 563 615 μὲν
590 555 734 611 ου’ὃὲίς,
760 560 836 608 σοὶς
864 559 900 603 δ’
918 558 1025 622 ὀκνῷ
1051 560 1206 615 θράξαι
1237 563 1404 622 φρένας.

310 646 456 697 Cred0,
484 648 533 688 Jo
561 648 658 688 nihil
684 649 835 698 gratius
862 647 1012 697 habuit,
1042 658 1158 700 quam
1185 651 1230 687 ut
1255 648 1376 697 ipsius
1403 649 1486 688 ani-

197 711 284 743 mus
315 701 540 742 Promethei
569 703 672 743 dicto
701 703 1023 748 dilaceraremr„
1062 701 1141 741 Sed
1168 696 1264 753 q'uid
1290 703 1405 751 plura
1436 704 1484 742 de
1557 722 1560 725 >

196 753 256 793 his
294 750 511 797 rationibus
552 768 650 808 quae
689 756 787 796 ferri
822 751 985 806 possunt
999 791 1006 799 ,
1020 754 1126 794 nullo
1169 756 1314 804 pacto?
1383 756 1486 804 Quid

199 809 320 856 crgo?
360 809 463 850 dicet
491 810 705 862 quispiam,
733 813 778 850 tu
807 808 860 855 ὥς
886 808 1122 861 particulam
1148 808 1346 851 mutabis?
1401 810 1484 859 Ego

197 873 290 901 vero
336 862 432 902 nihil
467 865 715 913 mutandum,
752 865 868 904 immo
903 874 996 903 vcro
1034 863 1208 915 quamvis
1235 864 1488 903 mutationem

196 927 273 956 non
293 916 418 956 solum
435 917 623 968 inutilem,
652 919 723 959 sed
742 918 862 960 etiam
889 917 1029 958 falsam
1051 917 1194 968 Judico.
1246 917 1347 957 Nam
1367 919 1486 968 etiam

197 982 296 1023 quae
324 970 407 1011 fere
435 973 543 1013 nulla
572 977 631 1013 est
659 974 847 1023 mutatio,
884 973 918 1012 si
948 972 1033 1024 quis
1061 971 1207 1013 scribat
1237 970 1311 1020 ὥς,
1349 983 1483 1023 repre-

195 1025 421 1064 hensionem
448 1026 578 1066 habet.
652 1027 755 1078 Nam
783 1025 836 1071 ὥς
863 1026 1059 1076 particula
1086 1037 1157 1075 pro
1186 1024 1317 1069 οὕτως
1343 1028 1485 1075 tragici

195 1090 273 1118 non
301 1078 384 1119 fere
412 1080 472 1119 usi
500 1084 613 1130 sunt;
651 1082 753 1134 quin
781 1080 901 1120 etiam
937 1080 1096 1120 fuerunt
1134 1079 1199 1133 qui
1226 1090 1314 1119 eam
1341 1081 1416 1120 nisi
1443 1082 1485 1121 in

195 1132 362 1172 formula
398 1130 502 1174 οὐδ’
537 1133 607 1186 ὤςῇ
624 1135 728 1185 apud
763 1135 852 1175 illos
897 1135 937 1174 in
974 1145 1048 1173 usu
1074 1134 1193 1173 fuisse
1222 1134 1485 1186 negarent³⁶).

197 1187 440 1239 Quamquam
479 1190 610 1241 autem
645 1190 688 1228 hi
714 1199 776 1228 me
812 1189 968 1241 quidem
995 1199 1072 1227 non
1098 1187 1245 1227 habent
1272 1186 1485 1228 assentien-

198 1243 288 1289 tem,
318 1244 455 1281 tamen-
476 1242 577 1282 illud
605 1243 758 1282 silentio
776 1242 1169 1292 praetermittendum
1195 1253 1272 1280 non
1291 1245 1363 1291 est,
1383 1243 1486 1294 quod

202 1305 250 1335 ea
278 1295 384 1335 nullo
412 1295 495 1335 loco
526 1308 600 1349 quo
628 1300 737 1338 certa
763 1297 919 1337 videtur
945 1306 1082 1346 parem
1108 1294 1346 1336 structuram
1371 1295 1490 1343 habet

198 1352 316 1402 atque
341 1360 386 1389 eo
415 1350 463 1390 de
492 1363 567 1403 quo
596 1363 697 1392 nunc
725 1350 955 1403 agimus³⁷).
1001 1350 1088 1400 Hic,
1116 1351 1191 1390 nisi
1218 1351 1484 1400 neglegentius

197 1404 398 1453 scripsisse
425 1404 662 1456 Aeschylum
698 1405 910 1445 concedere
929 1404 1133 1454 ·v01umus,
1170 1416 1382 1454 pronomen
1420 1406 1486 1445 de-

200 1458 500 1498 monstrativum
528 1460 655 1499 τοῦτο
684 1459 964 1512 requirendum
992 1462 1062 1498 est.

305 1512 406 1561 Jam,
435 1515 481 1551 ut
506 1512 666 1553 tandem
694 1525 766 1562 ego
794 1513 889 1563 quid
916 1516 1085 1552 statuam
1114 1513 1162 1561 de
1189 1512 1261 1552 hoc
1289 1512 1371 1552 loco
1396 1525 1485 1563 pro—

196 1565 331 1613 feram,
362 1564 415 1610 ὥς
441 1567 675 1615 particulam
703 1568 893 1607 librorum
921 1570 961 1606 et
980 1567 1276 1617 scholiastarum
1298 1565 1493 1607 consensu-

198 1620 389 1659 traditam
416 1619 476 1659 ita
504 1620 789 1661 defendendam
817 1632 967 1669 cense0,
994 1623 1040 1660 ut
1062 1632 1149 1660 eam
1165 1619 1485 1669 significationem

194 1671 224 1723 ἦ
247 1674 469 1723 particulae
499 1676 787 1727 comparativae
828 1675 1000 1715 induisse
1039 1675 1175 1714 dicam.
1243 1674 1367 1714 Jussit
1403 1676 1486 1725 qui-

198 1727 287 1767 dem
325 1728 573 1769 Hermannus
611 1730 678 1782 (ad
717 1729 755 1769 h.
792 1729 835 1781 1.)
871 1740 1003 1775 omnes
1039 1729 1142 1769 locos
1179 1728 1220 1768 in
1257 1728 1395 1778 quibus
1423 1726 1486 1784 Δὥς

195 1783 391 1831 particula
420 1785 738 1833 comparativum·
753 1784 930 1833 sequitur
957 1785 1102 1824 mutari
1138 1787 1179 1823 et
1214 1784 1378 1833 corrigi,
1417 1784 1485 1823 sed

195 1847 335 1885 parum
361 1837 573 1887 moderate.
601 1838 712 1877 Alius
741 1849 835 1877 sane
862 1838 1017 1886 generis
1045 1841 1105 1876 est
1132 1837 1300 1877 formula
1328 1836 1485 1877 οὐδὲν

191 1890 389 1942 μᾶλλον
414 1887 479 1938 αἷς,
508 1902 585 1941 qua
594 1903 687 1932 usus
705 1894 765 1932 est
777 1891 963 1943 Polybius
991 1891 1188 1934 nonnullis
1216 1891 1322 1941 locis,
1351 1903 1372 1931 e
1399 1891 1482 1942 qui-

193 1944 266 1983 bus
303 1945 398 1985 satis
435 1948 495 1985 est
530 1947 739 1995 protulisse
778 1958 918 1995 unum,
959 1947 1026 1994 qui
1065 1946 1280 1996 Aeschyleo
1318 1946 1482 1985 similem

194 1999 361 2048 speciem
396 1998 542 2039 habere
579 2000 736 2039 videtur
763 2000 841 2049 XI,
881 2003 928 2049 2,
958 2003 980 2039 9
1011 1996 1272 2065 Ἀσδρούβας
1314 1996 1485 2045 οὐδενός

195 2054 356 2106 μᾶλλον
384 2062 623 2105 προενοεῑτο
653 2052 758 2094 aava*
788 2051 888 2099 τούς
916 2050 1138 2099 κινδύνους
1166 2069 1218 2099 ως
1246 2054 1327 2105 τῆς
1352 2050 1486 2094 αὑτοῦ

197 2107 412 2161 σωτηρίάς.
427 2107 527 2147 Nam
544 2108 641 2149 haec
658 2108 887 2159 superlativi
905 2108 1098 2158 quandam
1108 2108 1485 2148 circumlocutionem

283 2280 326 2323 ⁸⁶)
349 2279 434 2312 Vide
457 2276 670 2327 Matthiaeum
692 2280 736 2314 ad
757 2280 834 2315 Eur.
856 2280 974 2313 Bacch.
1001 2280 1094 2327 1021.
1133 2274 1272 2316 Ellendt.
1295 2280 1360 2317 lex.
1383 2281 1484 2324 Soph.

197 2322 239 2359 ¹¹·
261 2334 297 2386 1³2
316 2323 539 2400 mand
560 2324 760 2402 8st
777 2324 1112 2402 ΜεΜὲἛεΜῑεΜάΜ-εῐ
1132 2324 1202 2402 ⁰¹3⁸
1390 2325 1482 2402 ¹94}-

194 2368 463 2466 περι-,1385886
483 2379 615 2447 ᾰῧῖῗᾱῐς
637 2382 800 2456 γῖἷέῗὲαῗ
822 2410 913 2447 Med.
935 2382 1018 2456 534ρ
1030 2383 1080 2446 ὣῖ
1093 2382 1207 2447 222‘1‘50·
1227 2386 1275 2455 {225
1296 2383 1362 2446 555¹
1372 2383 1488 2455 εῑςγῖμῖ

193 2467 358 2498 wammam
377 2459 465 2501 γένῃ.
