1759 2840
842 96 913 151 36'

220 232 420 274 Mediceus
469 233 511 272 et
545 227 880 281 Guelferbytanus
924 229 1073 272 habent
1113 229 1253 284 με’λλει
1291 234 1338 275 et
1368 230 1511 288 μέλλῃ,

220 289 391 340 itemque
420 285 537 336 Soph.
566 284 706 325 Trach.
734 296 782 329 v„
799 289 885 326 950*
913 284 1106 326 librorum
1138 285 1256 325 lectio
1288 285 1511 338 μέλλομεν,
1533 326 1539 331 ,

221 345 311 382 orta
338 340 409 380 illa
438 339 617 393 quidem,
645 342 691 378 ut
717 338 894 389 videtur,
932 350 981 379 ex
1009 336 1178 391 μέλλειν
1203 338 1394 380 infinitivo
1422 338 1512 390 sub-

223 395 415 450 sequenti,
445 394 494 436 ab
524 393 819 435 Hermanno-in
846 388 1045 447 μελόμεν’
1070 395 1227 437 mutata.
1249 396 1321 435 est.
1359 413 1361 415 ·

298 460 303 464 ·
331 450 445 489 Nunc
494 451 625 488 autem
662 459 711 489 ex
748 448 824 489 hac
858 448 1085 498 conjectura
1118 448 1208 489 vide
1246 460 1363 502 quam
1399 451 1515 499 aptus

228 504 450 545 efflorescat
475 514 633 543 sensus:
676 502 983 555 Quaruncunque
1006 514 1130 553 rerum
1156 515 1307 541 curam*
1337 504 1423 549 eris,
1450 515 1514 542 ια-

225 572 308 597 mm
336 570 468 596 curan
504 558 562 596 sic
595 567 728 607 qen-as,
765 559 809 593 ut
845 559 1012 593 eventum
1047 555 1236 594 adducas.
1364 555 1516 595 nativus

226 611 391 662 τῶνπερ
429 611 637 662 utriusque
662 607 879 648 sententiae
907 607 1119 656 communis
1145 607 1197 648 ad
1224 609 1329 650 idem
1354 608 1517 649 verbum

227 665 366 717 μέλειν
393 664 454 706 bis
482 665 654 716 positum
679 663 832 713 pariter
859 663 1009 702 relatus
1036 665 1116 703 est:
1173 675 1251 716 qua
1276 665 1318 705 in
1344 676 1390 705 re
1418 664 1518 705 sicut

228 722 269 760 in
297 719 450 769 adjecto
478 719 669 760 infinitivo
697 717 946 768 epexegetico
974 717 1138 769 (τελεῖν)
1173 730 1251 759 11011
1288 720 1372 759 sine
1399 726 1517 760 causa

227 778 467 827 postremum
495 775 623 819 locum
650 775 809 812 tenente
836 773 950 819 inest,
977 775 1024 812 ut
1040 771 1211 813 Haasius
1238 774 1400 823 monuit,
1427 784 1518 814 acu-

231 840 321 869 men
351 829 547 882 quoddam
573 827 791 868 sententiae
804 857 813 875 ‚
843 837 919 879 quo
946 825 1055 866 Jovis
1083 827 1235 867 animus
1262 828 1455 869 excitetur
1481 831 1522 867 et

232 883 343 935 quasi
370 886 581 933 pungatur,
611 894 659 921 ne
687 881 728 920 in
755 892 850 920 cura
878 882 1060 920 eventum
1084 892 1162 920 non
1178 880 1348 922 habente
1366 882 1520 935 acquie-

231 940 326 977 scat.
404 937 504 977 Orat
541 935 825 989 quodammodo
854 932 1139 985 Clytaemestra
1150 953 1164 985 ,·
1196 938 1242 975 ut
1268 936 1424 987 Jupiter
1458 951 1521 976 τε-

231 991 342 1031 λείου
350 992 496 1031 1101111111
505 990 733 1038 satisfaciat,
754 1001 829 1042 quo
848 1000 938 1029 eum
957 990 1260 1045 compellaverat
1278 1002 1394 1031 versu
1414 993 1523 1031 ante-

232 1046 388 1087 cedenti
1080 1086 1085 1092 ,

430 1098 520 1139 Ζεῦ
548 1097 636 1139 Ζεῦ
665 1097 807 1147 τέλειε,
836 1093 914 1142 τοὶς
943 1098 1040 1150 ἐμάς
1058 1094 1185 1153 ειῖχοὲς
1211 1099 1331 1140 τέλει.

342 1153 518 1193 Verbum
545 1157 678 1194 autem
701 1152 839 1202 μέλειν
866 1152 926 1193 bis
953 1154 1122 1203 positum
1158 1153 1265 1194 haud
1302 1162 1440 1194 vereor
1477 1165 1525 1193 ne

238 1219 353 1261 quem
381 1208 564 1248 offendat.
609 1207 740 1248 Verbo
769 1207 873 1247 enim
900 1208 1094 1248 enuntiati
1119 1208 1297 1257 primarii
1324 1209 1365 1248 in
1392 1219 1526 1248 secun-

236 1263 347 1302 dario
363 1263 532 1311 repetito
552 1262 657 1312 apud
674 1262 845 1310 tragicos
863 1262 960 1300 nihil
980 1262 1297 1314 frequentius⁴⁰).
1339 1262 1527 1311 Exempla

239 1317 273 1356 si
303 1316 389 1369 quis
417 1316 602 1368 requirit,
643 1316 807 1355 eandem
843 1327 928 1355 rem
955 1316 996 1355 in
1023 1316 1166 1369 μέλειν
1194 1316 1313 1357 verbo
1341 1316 1528 1357 accidisse

235 1371 412 1420 videmus
449 1374 609 1420 praeter
649 1371 776 1410 locum
812 1370 1016 1420 Aeschyli,
1055 1381 1170 1423 quem
1208 1371 1322 1411 modo
1358 1371 1527 1418 laudavi,

240 1424 391 1464 duobus
418 1424 513 1465 locis
542 1424 742 1474 Sophoclis
770 1424 862 1463 Ant.
895 1427 996 1465 1335

458 1478 573 1530 μέλει
602 1478 681 1531 γάρ
709 1474 843 1527 τῶνδ’,
872 1475 1006 1518 ὅτοισι
1061 1473 1112 1530 ρή
1135 1478 1285 1530 μέλειν.

239 1533 299 1582 Aj.
330 1535 405 1572 991
961 1533 1038 1571 τοῦ
1066 1531 1085 1571 ε’
1113 1546 1176 1572 σοι
1201 1532 1339 1584 μέλειν

387 1630 390 1634 .
463 1580 601 1635 ἐφιέθ’
630 1580 737 1636 ἁνήρ
765 1589 919 1635 κεῖνος,
948 1582 1085 1636 ὥσπερ
1114 1580 1192 1626 οὖν
1210 1585 1339 1637 μέλει.

351 1640 460 1687 Quae
490 1650 609 1691 quum
638 1639 694 1679 ita
714 1639 823 1688 sint,
851 1650 970 1689 quum
996 1639 1093 1681 haec
1121 1640 1345 1690 conjectura
1370 1652 1448 1680 non
1473 1652 1532 1679 so-

244 1695 325 1734 lum
353 1693 601 1733 attractionis
629 1692 878 1733 offensionem
907 1693 1053 1743 diluat,
1090 1705 1226 1734 verum
1261 1695 1379 1734 etiam
1403 1694 1534 1734 sensui

244 1748 429 1842 egregieb
448 1747 671 1796 conveniat,
719 1759 806 1788 eam
830 1743 1039 1789 'librorum
1078 1748 1295 1799 scripturae
1331 1748 1533 1800 praeferre

243 1815 322 1844 non
351 1803 405 1842 du
432 1802 498 1842 ito.
820 1837 822 1839 .

349 1856 461 1895 Nunc
489 1856 673 1903 quoniam
701 1856 805 1895 locos
819 1856 1015 1906 Aeschyli,
1044 1870 1069 1897 a
1095 1857 1235 1907 quibus
1263 1857 1447 1897 attractio
1466 1856 1534 1895 ab·

241 1909 455 1963 judicanda
491 1908 584 1959 fuit,
621 1910 913 1961 proposuimus,
947 1915 1128 1963 superest
1153 1915 1198 1952 ut
1224 1912 1386 1953 tertium
1413 1922 1535 1960 genus

244 1967 418 2005 locorum
444 1965 486 2004 111
515 1963 817 2013 disputationem
852 1976 1033 2006 vocemus
1069 1967 1123 2015 id,
1161 1966 1201 2005 in
1238 1977 1314 2016 quo
1349 1965 1535 2005 attractio

242 2021 390 2069 aperte»
409 2017 551 2057 omissa
578 2020 649 2057 est.

1333 2139 1358 2161 Ο

333 2190 379 2232 ⁴⁹)
403 2188 587 2225 Cf-Aesch.
612 2190 704 2228 Eum.
729 2194 804 2232 6⁴79.
825 2196 889 2241 Ag.
911 2196 1007 2232 1288.
1030 2193 1200 2239 Soph.1·31.
1221 2193 1297 2229 764.
1318 2193 1393 2229 ¹791.
1416 2192 1534 2228 Trach.

248 2236 339 2272 1235.
363 2233 445 2268 Oed.
470 2231 541 2266 col,
565 2234 638 2272 273,
1127 2248 1130 2251 ,
1412 2247 1418 2254 .
