1759 2840
250 153 312 188 tas
340 153 560 190 structuras
588 151 784 199 arriperet
810 153 1067 200 arreptaeque
1094 162 1166 201 per
1183 151 1457 191 attractionem
1475 161 1540 190 cx-

247 213 425 263 plicaret,
445 214 496 257 .in
523 214 663 263 quibus
683 226 730 254 ea
750 218 821 254 aut
847 215 956 255 nulla
983 218 1053 255 aut
1082 217 1261 256 contorta
1289 218 1442 255 tantum
1477 226 1541 255 ra-

247 279 354 318 tione
381 279 540 328 agnosci
567 282 707 328 potest.
754 279 832 319 Sed
861 291 941 323 non,
965 281 1090 320 solum
1118 280 1223 329 quod
1250 280 1385 320 fautor
1409 280 1541 329 potius

244 341 365 391 'quam
398 343 520 393 judex
556 339 802 385 attractionis
830 344 1001 392 exstitit,
1040 355 1176 384 verum
1204 344 1322 384 etiam
1349 344 1445 401 illud
1473 355 1540 384 no-

247 408 411 447 tandum
428 411 500 456 est,
528 408 632 457 quod
659 411 878 458 temporum
906 409 1044 458 spatiis
1071 410 1211 459 quibus
1238 409 1443 449 literarum
1459 421 1539 449 mo-

247 475 432 511 numenta
467 473 716 512 continentur
751 484 891 522 parum
930 473 1123 514 distinctis
1160 474 1313 514 ratione
1354 473 1540 514 historica

246 541 287 577 et
313 537 450 578 critica
476 548 666 587 quaerere
694 538 844 592 omisit,
880 539 1071 588 quomodo
1105 538 1259 588 singula
1281 533 1540 579 ‘attractionis

246 613 393 651 genera
420 605 508 641 orta
536 606 577 641 et
603 603 843 652 pedetentim
868 609 1077 653 progressa
1104 606 1187 643 tam
1214 604 1295 643 late
1323 604 1539 653 patuerint,

246 670 292 707 ut
317 665 472 717 partem
498 667 610 716 quasi
637 667 794 716 linguae
822 667 977 708 efficere
1009 668 1232 723 videantur.
1254 657 1257 661 ’
1304 668 1452 708 Verum
1491 668 1540 708 de

246 732 318 772 hoc
356 732 597 771 incommodo
635 732 750 781 alias,
787 733 1020 782 praesertim
1057 744 1178 782 quum
1210 731 1414 782 Kruegero
1452 744 1540 773 cum

247 796 444 846 plerisque
473 796 738 847 grammaticis
766 808 968 837 commune
996 798 1066 846 sit;
1101 809 1202 837 nunc
1229 800 1275 837 ut
1301 797 1353 837 ad
1381 805 1538 838 causam

249 860 478 910 primariam
491 863 645 901 veniam
659 873 760 910 quae
780 865 842 919 me
869 862 1073 911 impedivit
1099 862 1303 911 quominus
1325 863 1407 912 jam
1436 874 1538 904 nunc

250 916 374 964 totuin
403 927 649 965 attractionis
678 937 791 965 usum
819 937 895 965 uno
925 926 1057 965 libello
1086 926 1390 981 complecterer:
1420 927 1538 966 etiam

248 993 454 1040 postquam
482 990 664 1041 Krueger
695 988 946 1040 'quaestiones
984 1001 1075 1030 suas
1110 990 1255 1041 publici
1294 991 1394 1041 juris
1434 991 1537 1041 fecit,

249 1056 355 1095 notio
384 1056 631 1096 attractionis
659 1067 731 1105 per
757 1056 1034 1109 grammaticos
1062 1049 1267 1105 tantopere
1295 1056 1462 1097 dilatata
1478 1060 1539 1096 est

249 1121 561 1171 exstiteruntque
592 1121 640 1160 de
669 1122 753 1171 eius
781 1124 925 1160 natura
951 1123 1034 1160 tam
1060 1121 1193 1160 variae
1222 1121 1458 1170 sententiae,
1472 1158 1479 1166 ,
1494 1114 1539 1161 ut
1618 1176 1622 1182 ι

248 1186 314 1234 qui
351 1186 411 1225 his
449 1186 626 1226 omnibus
664 1189 848 1226 accurate
876 1186 1118 1227 excutiendis
1145 1196 1305 1235 operam
1332 1197 1442 1226 suam
1468 1198 1537 1226 na-

249 1262 343 1289 vare
370 1251 476 1299 velit,
505 1251 649 1290 librum
677 1250 921 1291 conscribere
950 1250 1093 1290 debeat
1120 1251 1410 1300 amplissimum·
1454 1251 1538 1291 Hoc

247 1326 341 1355 vero
379 1327 519 1355 munus
556 1310 680 1365 majus
718 1327 802 1356 esse
838 1326 954 1365 quam
983 1318 1027 1355 ut
1063 1305 1164 1355 nunc
1201 1315 1358 1364 quidem
1394 1316 1539 1354 umeris

248 1380 344 1419 meis
372 1380 566 1420 sustinere
593 1392 768 1429 possem,
803 1392 881 1419 non
909 1384 990 1420 tam
1018 1380 1252 1430 praestricta
1288 1371 1364 1419 fuit
1399 1380 1539 1419 mentis

248 1445 352 1490 acies
379 1448 424 1485 ut
452 1457 529 1486 non
556 1445 837 1495 intellegerem.
909 1446 992 1494 Quo
1021 1445 1146 1494 magis
1174 1447 1317 1493 autem⁴
1334 1443 1539 1494 cupiebam

249 1511 437 1559 enixeque
474 1510 777 1560 contendebam,
813 1514 858 1550 ut
892 1523 981 1550 mox
1010 1522 1055 1550 eo
1082 1521 1243 1549 munere
1270 1510 1538 1559 perfungerer‚

249 1588 295 1616 eo
333 1576 469 1626 magis·
497 1576 536 1616 in
571 1588 757 1626 praesens
791 1576 832 1615 id
861 1576 1017 1625 quidem
1044 1575 1288 1626 potissimum
1316 1577 1540 1615 consectan-

250 1642 342 1680 dum
361 1641 448 1690 fuit,
477 1645 521 1680 ut
549 1642 689 1690 quibus
717 1653 869 1690 possem
896 1640 1103 1690 praesidiis
1130 1641 1343 1681 instructus
1371 1640 1423 1679 ad
1440 1640 1540 1679 hanc

250 1706 517 1754 quaestionem
545 1705 822 1756 absolvendam
850 1706 944 1745 mihi
972 1706 1075 1745 viam
1102 1705 1294 1744 munirem
1321 1716 1398 1748 non
1415 1704 1539 1743 solum

247 1770 474 1820 jucundam,
504 1771 573 1811 sed
601 1771 720 1810 etiam
748 1771 896 1811 utilem.
943 1771 1032 1810 Jam
1060 1762 1244 1820 optimam
1272 1769 1444 1822 muneris
1471 1770 1539 1809 ad-

255 1836 504 1875 ministrandi
544 1836 736 1876 rationem
778 1836 1102 1885 circumspicienti
1148 1835 1244 1874 haec
1294 1834 1406 1874 unice
1447 1846 1541 1875 vera

257 1900 352 1939 mihi
389 1901 474 1940 visa
509 1904 587 1949 est,
624 1904 669 1939 ut
703 1901 857 1949 singula
885 1901 1131 1940 attractionis
1159 1910 1304 1949 genera
1333 1898 1437 1949 apud
1465 1900 1546 1939 sin-

253 1965 364 2013 gulos
401 1966 611 2015 scriptores
648 1965 779 2015 qualia
817 1965 963 2005 fuerint
997 1965 1226 2013 indagarem
1263 1964 1541 2013 historiamque

254 2031 365 2079 quasi
394 2025 638 2070 attractionis
668 2031 886 2070 conderem.
936 2030 1063 2079 Atque
1092 2040 1210 2079 quum
1237 2040 1340 2069 nunc
1366 2028 1541 2078 specimi-

254 2096 313 2135 nis
342 2095 484 2135 edendi
511 2098 685 2145 potestas
712 2094 817 2135 facta
845 2095 908 2143 sit,
937 2106 984 2134 ex
1013 2095 1145 2134 multis
1167 2093 1412 2134 attractionis
1426 2104 1541 2142 gene-

253 2160 363 2200 ribus
398 2160 438 2199 id
477 2160 571 2199 mihi
609 2160 858 2210 tractandum
895 2160 996 2213 elegi
1033 2159 1136 2209 quod
1173 2159 1214 2198 in
1251 2157 1542 2208 pronominibus

251 2225 428 2265 relativis
465 2225 676 2277 cernitur„
700 2225 769 2264 sed
809 2236 856 2264 ne
895 2224 1009 2275 huJus
1037 2224 1195 2274 quidem
1223 2223 1447 2264 continuum
1471 2234 1543 2273 per

256 2289 428 2330 Graecas
455 2290 593 2330 literas
620 2300 889 2340 progressum,
925 2290 994 2329 sed
1022 2289 1236 2339 primordia
1264 2291 1416 2328 tantum
1443 2299 1543 2337 quae

252 2358 343 2394 sunt
371 2355 476 2404 apud
505 2355 738 2404 Aeschylum
774 2355 955 2403 persequi
992 2354 1064 2394 hac
1100 2353 1421 2393 commentatione
1438 2353 1543 2392 mihi

247 2422 442 2475 proposui.
