1759 2840
766 139 816 190 33

260 264 361 306 Nam
387 266 506 308 etiam
527 233 593 307 hic
611 248 925 318 comparativum
944 263 1181 324 υπὲρτερον
1208 270 1285 309 non
1299 264 1327 321 ἧ
1339 260 1431 320 par-

154 318 285 368 ticula,
312 320 384 361 sed
408 320 534 361 forma
560 322 798 371 pronominis
811 322 895 387 rel.
923 319 1015 364 οἷον
1039 320 1227 373 sequitur.

144 389 146 392 ·
264 371 342 414 Sed
368 374 465 427 haec
491 374 688 416 sufficiant
706 376 765 417 ad
792 392 845 422 ως
871 373 1105 429 particulam
1132 376 1432 430 defendendam:

154 426 254 468 illud
279 440 400 470 unum
426 429 542 479 addo,
570 429 619 470 de
638 431 761 494 huJ‘us
787 431 862 473 loci
871 389 1146 483 pexplicatione
1175 442 1329 474 mecum
1345 442 1434 472 con-

151 483 299 523 sentire
324 460 639 535 Meinekium⁴⁶).

243 538 391 588 Atque
415 538 514 579 haec
541 538 697 590 quidem
723 538 910 580 hactenus
939 541 987 582 de
1014 551 1158 591 genere
1186 541 1377 589 locorum,
1412 551 1437 579 a

156 591 295 642 quibus
331 592 524 633 attractio
551 604 639 643 per
657 594 762 634 viros
802 594 935 635 doctos
971 595 1102 636 illata
1119 593 1338 645 ableganda
1365 597 1436 634 est.

156 646 256 687 Nam
285 646 333 687 de
358 647 489 687 Weilii
515 648 671 697 quidem
698 648 921 698 conjectura
948 651 1042 700 quid
1069 650 1212 690 attinet
1237 650 1352 700 plura
1380 649 1437 687 di-

155 702 274 740 cere?
312 702 378 750 qui
404 702 457 742 ad
467 701 676 766 lacunam
690 702 921 765 explendam
946 707 1036 754 post
1061 704 1155 743 Cho.
1184 716 1219 743 v.
1253 707 1329 743 144
1426 704 1429 708 ’

306 755 374 795 καὶ
399 768 499 800 τους
534 752 767 801 κτανόντας
795 752 1125 799 ἀντικατθανεῖν
1153 757 1288 810 δίκην,

159 808 207 848 de
235 820 304 849 suo
326 805 487 849 addidit
512 809 619 851 hunc
649 821 822 851 versum:

266 864 462 909 τίνοντας
491 859 548 905 ὧν
575 864 644 917 ἔρδ
647 880 753 906 ασαν
781 858 902 912 «ἰξίαν
929 866 1089 915 naueh„
1125 902 1127 904 ,

159 918 225 966 qui
244 917 293 958 ab
315 919 560 959 attractionis
586 918 737 968 legibus
764 919 910 959 nullam
937 919 1057 960 habet
1077 917 1433 970 reprehensionem,

160 972 233 1011 etsi
261 972 366 1022 apud
392 973 563 1023 tragicos
590 974 665 1013 loci
700 984 901 1024 compares
937 985 1015 1013 non
1041 975 1302 1024 reperiuntur.

265 1026 402 1075 Itaque
439 1039 540 1067 nunc
575 1039 783 1077 pergamus
819 1028 871 1067 ad
908 1029 1067 1067 tertium
1103 1039 1224 1077 genus
1252 1028 1435 1074 locorum,

160 1080 230 1131 qui,
253 1080 302 1144 ab
331 1081 575 1122 attractionis
600 1081 865 1132 exemplorum
891 1083 1052 1122 numero
1076 1081 1313 1133 excerpendi
1336 1083 1439 1121 sunt.

815 1194 850 1230 5.

164 1261 219 1303 De
239 1274 381 1316 genere
399 1244 573 1305 locorum
590 1265 633 1305 in
653 1191 793 1316 quibuss
821 1265 1014 1306 attractio
1042 1244 1226 1307 mendosa
1252 1264 1444 1306 librorum
1479 1269 1489 1285 ¹

445 1349 447 1351 ·
498 1351 499 1354 =
574 1331 776 1381 scriptura
803 1331 1038 1372 continetur.

172 1434 181 1445 .
273 1404 384 1444 Unus
412 1408 473 1445 est
498 1406 604 1446 locus
631 1406 746 1455 hujus
775 1406 950 1455 generis,
988 1416 1062 1455 quo
1102 1405 1286 1445 attractio
1323 1415 1446 1450 remo-

166 1458 294 1497 venda
321 1462 382 1498 est
409 1459 643 1520 conjectura,
671 1461 807 1509 Agam.
836 1472 871 1499 v.
902 1462 981 1499 974
1010 1460 1123 1511 (941)

306 1512 424 1564 μέλοι
463 1514 506 1554 δέ
534 1517 602 1554 τοι
628 1513 693 1554 σοὶ
718 1515 881 1565 τῶνπερ
909 1511 962 1553 οἲν
989 1514 1142 1567 μέλλης
1169 1511 1315 1553 τελεῖν.

278 1566 389 1615 Quod
417 1570 462 1607 ut
482 1570 662 1608 statuam
688 1567 761 1608 hac
787 1579 832 1608 re
858 1578 1107 1618 permoveor,
1136 1567 1240 1617 quod
1266 1567 1338 1607 hoc
1366 1567 1449 1606 loco

168 1621 412 1661 attractionis
451 1622 556 1672 leges
592 1634 692 1673 quae
729 1622 889 1663 fuerunt
924 1622 1028 1672 apud
1065 1623 1235 1671 tragicos
1264 1633 1341 1661 non
1368 1633 1447 1661 una

168 1687 211 1715 re
238 1676 444 1716 violantur.

276 1730 570 1771 Abstinuerunt
588 1731 692 1772 enim
717 1731 781 1780 hi,
798 1734 844 1771 ut
870 1726 989 1781 supra
1017 1731 1188 1781 exposui,
1206 1730 1450 1770 attractione

169 1786 210 1825 in
238 1784 374 1825 formis
401 1786 639 1836 pronominis
666 1786 736 1827 rel.
766 1773 791 1826 a
817 1801 841 1825 τ
869 1786 985 1826 litera
1012 1784 1304 1834 incipientibus;
1332 1784 1452 1824 absti-

170 1843 342 1879 nuerunt
380 1840 422 1879 in
462 1840 794 1883 enuntiationibus
828 1840 913 1880 rell.
951 1850 1052 1889 quae
1086 1839 1219 1879 futuro
1265 1842 1451 1889 tempore,

171 1895 340 1944 itemque
367 1895 415 1935 iis
442 1895 812 1946 quaeconjunctivo
840 1891 894 1935 ἄν
930 1894 1124 1944 particula
1160 1893 1297 1934 addita
1332 1894 1452 1934 conti·

171 1952 323 1989 nentur.
391 1949 577 1990 Neutrius
595 1951 665 1997 ¹rei
691 1961 810 1990 causa
837 1949 1002 1989 obscura
1040 1952 1110 1988 est.
1179 1948 1314 1997 Neque
1333 1948 1454 2001 ‘enim

171 2003 285 2044 facile
312 2015 377 2044 res
403 2003 550 2053 futura,
578 2005 719 2055 quippe
736 2016 836 2055 quae
863 2004 1014 2043 incerta
1041 2003 1104 2051 sit,
1131 2005 1177 2042 ut
1203 2006 1296 2042 nota
1324 2013 1454 2043 neces-

172 2059 277 2099 saria
304 2061 422 2108 atque
449 2056 686 2108 essentialis,
724 2070 840 2109 quam
878 2057 1013 2098 dicunt
1037 2057 1273 2109 philosophi,
1310 2057 1473 2097 nomini.

172 2112 338 2152 attribui
365 2123 499 2162 neque
516 2113 603 2163 ipsa
628 2124 700 2163 per
728 2124 769 2152 se
797 2113 993 2153 notionem
1028 2114 1177 2151 certam
1213 2114 1331 2160 atque
1367 2122 1455 2161 per-

173 2167 316 2207 fectam
333 2167 569 2207 constituere
582 2170 722 2217 potest.
765 2167 879 2207 Justa
905 2166 1027 2215 igitur
1053 2165 1205 2205 ratione
1232 2174 1310 2204 non
1336 2169 1456 2214 caret,

174 2222 278 2271 quod
306 2232 384 2261 non
411 2221 536 2261 solum
563 2222 724 2271 tragici,
761 2222 830 2262 sed
858 2222 977 2261 etiam
1004 2220 1304 2270 Aristophanes,
1332 2220 1456 2259 Hero-

176 2276 311 2326 dotus,
350 2275 615 2328 ThucydideS,
652 2276 930 2330 HippocrateS,
967 2275 1186 2325 Antiphon,
1224 2275 1457 2323 Andocides,

175 2333 242 2381 qui
269 2335 360 2372 ante
387 2342 532 2372 annum
546 2330 690 2372 0000.
718 2331 936 2373 floruerunt
961 2331 1234 2371 attractionem
1261 2329 1310 2369 ab
1338 2341 1458 2369 enun-

261 2504 305 2549 ⁴⁵)
327 2505 379 2540 Cf.
403 2505 518 2540 Philol.
540 2505 637 2548 XIX,
658 2517 690 2550 p.
712 2504 786 2543 237.
