1759 2840
334 121 350 141 0
368 127 371 130 ·
868 117 889 152 5

236 236 276 272 et
305 232 405 272 cho.
433 245 469 272 v
501 235 588 292 741
606 233 719 296 (728)

578 284 725 353 ὃομροις
754 284 797 326 δὲ
827 283 963 325 τοῖσδε
992 280 1212 337 παγκάκως
1242 285 1321 339 ὲχει

415 336 558 392 φήμης
586 335 658 390 υφ’
683 334 735 390 ἧς
760 337 956 392 ἤγγειλαν
984 341 1021 378 οἱ
1051 338 1156 384 ξένοι
1185 340 1326 390 τορῶς.

323 394 515 442 Quorum
541 394 661 443 prior,
688 397 734 432 ut
759 393 879 432 nullis
902 391 1208 432 dubitationibus
1235 392 1435 441 obnoxius,
1464 394 1516 433 ad

232 460 364 488 veram
398 447 642 488 attractionis
678 448 757 487 vim
794 458 840 487 ac
878 449 1059 487 naturam
1104 446 1320 487 luculenter
1357 447 1513 487 demon-

231 502 435 541 strandam
462 501 695 550 aptissimus,
733 501 834 540 alter
868 500 920 539 ad
948 501 1050 539 viam
1088 511 1134 539 ac
1160 501 1363 549 rationem,
1399 513 1514 553 quam

230 556 269 594 in
293 558 377 595 tota
401 554 474 595 hac
503 554 727 607 quaestione
754 554 908 594 secutus
935 565 1031 602 sum,
1061 553 1333 594 illustrandam
1347 555 1518 594 maxime

228 603 389 649 idoneus
416 613 486 649 est.
542 609 718 662 Uterque
746 609 867 658 igitur
894 620 964 648 nos
990 608 1188 667 paulisper
1215 612 1358 649 teneat.

333 664 462 715 Atque
499 663 540 701 in
574 663 705 712 priore
742 662 897 714 quidem
931 662 1036 701 haud
1070 662 1208 701 vereor
1236 662 1284 718 ne
1313 664 1399 726 quis
1426 666 1512 702 tan-
1548 673 1550 675 ·

230 720 312 756 tum
330 720 491 766 propter
509 717 710 756 metricam
729 716 921 755 rationem
931 716 1152 777 genetivum
1172 710 1228 755 ὧν
1244 713 1316 766 p'ro
1346 714 1373 755 ἅ
1399 728 1511 757 accu—

230 772 354 810 sativo
381 771 548 820 positum
576 781 659 809 esse
680 770 795 809 dicat.
825 770 927 817 Quid
941 771 1070 809 enim?
1098 769 1132 808 si
1160 770 1242 809 sola
1269 770 1384 810 metri
1410 771 1512 810 ratio

228 824 413 874 poscebat
438 817 671 873 genetivum,
699 834 825 863 nonne
861 823 960 864 hanc
997 823 1262 863 difficultatem
1298 817 1514 874 Aeschylus

229 876 410 918 facillime
457 889 643 928 superare
688 878 816 928 potuit
851 889 922 927 pro
971 875 1139 917 δικαίων
1173 889 1265 918 voce
1301 890 1514 929 synonyma

229 934 385 996 ποινῆς
407 935 597 983 usurpata
625 943 830 994 versuque
845 932 886 971 ιιι
912 932 1027 973 hunc
1042 931 1197 972 modum
1225 933 1463 973 conformato

334 982 490 1026 νόστου
528 1001 574 1026 τε
603 987 756 1037 ποινῆς
783 981 843 1031 θ’,
871 983 928 1036 ἢν
958 982 1201 1037 ἐπραξαμην
1229 985 1366 1026 πό2ιν.
1385 987 1405 1027 ¹?

335 1040 587 1081 Necessarius
605 1040 680 1080 fuit
706 1040 951 1081 attractionis
979 1051 1082 1087 usus,
1111 1040 1302 1089 siquidem
1329 1040 1508 1081 substan-

228 1095 348 1133 tivum
378 1093 514 1133 δίκαια
545 1098 586 1133 et
612 1094 826 1133 enuntiatio
854 1094 924 1133 rel.
954 1097 1033 1133 tam
1062 1096 1149 1133 arto
1177 1095 1280 1134 inter
1302 1105 1344 1133 se
1360 1095 1512 1135 vinculo

229 1159 373 1188 conexa
411 1150 512 1197 sunt,
552 1151 595 1188 ut
609 1147 782 1213 seJ‘ungi
816 1158 892 1187 non
920 1149 1075 1200 queant.
1130 1147 1231 1188 Nam
1259 1147 1395 1189 δίκαιοι
1423 1160 1512 1198 non

226 1206 271 1241 ut
304 1202 536 1242 antecedens
568 1198 730 1249 νόστος,
772 1202 960 1249 absoluta,
1003 1202 1071 1241 sed
1107 1202 1273 1242 relativa
1304 1204 1421 1252 notio,
1460 1205 1512 1243 ad

228 1249 467 1295 intellectum
494 1267 606 1295 suum
635 1255 944 1294 additamentum
969 1267 1044 1306 quo
1074 1255 1354 1296 determinetur
1380 1260 1421 1296 et
1448 1258 1514 1297 de—

228 1310 423 1350 scribatur
437 1310 654 1351 necessario
677 1309 854 1361 requirit.
891 1309 1025 1349 Talem
1050 1312 1181 1350 autem
1208 1311 1511 1352 enuntiationem

227 1364 296 1402 rel.
326 1375 425 1417 quae
452 1364 616 1403 nominis
643 1367 775 1403 notam
804 1363 1053 1403 essentialem
1080 1375 1196 1416 quam
1229 1364 1363 1405 dicunt
1389 1366 1511 1415 philo—

226 1417 337 1480 sophi
363 1418 577 1467 praedicet,
591 1417 827 1457 attractione
857 1428 944 1457 cum
970 1417 1036 1456 illo
1072 1418 1114 1457 ιιι
1140 1429 1259 1458 ιιιιιιιιι
1294 1419 1509 1460 coalescere

222 1473 304 1521 jam
331 1484 451 1521 supra
484 1472 653 1522 exposui.
711 1472 957 1512 Structuram
992 1472 1287 1521 participialem‚
1326 1486 1403 1526 qua
1440 1486 1510 1514 nos

228 1526 288 1564 usi
316 1526 620 1565 enuntiationem
646 1525 717 1564 rel.
744 1528 954 1565 attractam
972 1525 1305 1566 circumscribere
1296 1538 1508 1576 possumus

230 1591 382 1633 quaque
396 1579 527 1620 Latini
539 1579 652 1630 longe
670 1579 983 1632 frequentissime
1010 1579 1071 1619 usi
1098 1582 1201 1629 sunt,
1230 1579 1372 1622 Graeci
1391 1594 1509 1635 quum

226 1645 358 1673 omnes
385 1637 469 1673 tum
495 1637 634 1683 poetae
661 1637 817 1682 gratam
844 1646 921 1680 non
937 1633 1168 1682 habuerunt,
1197 1635 1232 1674 si
1249 1636 1412 1676 verbum
1439 1637 1508 1676 ad-

226 1688 470 1737 ditamentis‚
487 1690 533 1727 ut
558 1688 629 1728 hoc
657 1687 739 1728 loco
767 1687 931 1738 objecto,
957 1687 1234 1737 amplificatum
1261 1692 1332 1729 est.
1397 1690 1508 1730 Unus

225 1741 300 1782 huc
327 1743 504 1782 revocari
530 1745 689 1806 potest
685 1742 792 1782 locus
818 1742 1000 1806 Aeschyli
1027 1742 1155 1781 Prom.
1183 1754 1219 1782 v.
1248 1747 1322 1783 891

386 1795 452 1835 καὶ
488 1811 598 1848 μητε
633 1796 717 1836 τῶν
754 1791 920 1847 πλούτῳ
957 1794 1330 1848 διαθρυπτομένων

382 1846 492 1915 μήτε
520 1851 603 1891 τῶν
630 1850 756 1915 γέννᾳ
779 1849 1127 1916 μεγαλυνομένων

364 1901 493 1944 ὄντα
520 1900 728 1958 χερνήταν
756 1904 996 1956 ἐραστεῦσαι
1024 1900 1197 1957 γάμων.,

227 1959 297 1999 sed
324 1959 358 1999 is
387 1969 539 2012 quoque
574 1958 623 1999 ab
658 1958 731 1999 hoc
766 1958 952 2009 diversus,
992 1958 1173 2013 quonlam
1197 1960 1405 2013 participia
1431 1973 1507 2002 non

230 2014 393 2076 objecto,
443 2014 514 2053 sed
564 2014 780 2053 adverbiali
836 2025 951 2066 quam
1000 2014 1135 2054 dicunt
1186 2016 1508 2059 determinatione

226 2063 424 2119 (πλούτῳ,
453 2067 600 2120 γέννᾳ)
629 2071 744 2108 aucta
771 2070 873 2107 sunt.
908 2068 991 2107 Hoc
1019 2071 1150 2109 autem
1176 2068 1259 2110 loco
1287 2070 1375 2111 vide
1394 2082 1508 2136 quam

226 2123 428 2162 invenuste
466 2119 684 2185 Aeschylus
727 2121 902 2162 dicturus
942 2121 1063 2162 fuerit
1105 2122 1272 2163 δικαίων
1314 2125 1399 2165 τῶν
1434 2120 1508 2164 υπ”

226 2175 332 2227 ἐμοῦ
361 2170 474 2226 παροὶ
511 2176 587 2226 τῆς
617 2171 820 2227 Πριάμου
849 2172 1006 2219 πόλεως
1034 2176 1327 2239 πραχθέντωι.
1399 2178 1508 2218 Stru-

225 2231 337 2268 ctura
353 2239 445 2268 vero
473 2229 642 2272 relativa
665 2240 741 2268 ιιοιι
768 2228 894 2268 solum
921 2231 1082 2278 propter
1094 2229 1422 2280 perspicuitatem,
1437 2232 1506 2270 sed

224 2283 342 2322 etiam
368 2285 530 2332 propter
555 2282 728 2332 vigorem
754 2282 895 2323 mirum
924 2286 1111 2335 quantum
1137 2287 1325 2333 praestat.

329 2336 417 2378 Non
452 2337 587 2388 quavis
615 2337 856 2379 dubitatione
883 2348 1006 2378 vacua
1033 2341 1094 2378 est
1120 2339 1302 2380 attractio
1340 2338 1422 2380 loco
1450 2339 1506 2383 al-

228 2394 311 2431 tero
342 2391 435 2431 Cho.
466 2396 540 2431 741
597 2388 745 2459 δόμοις
771 2391 816 2432 δὲ
843 2392 980 2432 τοῖσδε
1018 2389 1234 2458 παγκάκως
1268 2392 1348 2447 ἔχει

430 2441 574 2498 φήμης
602 2441 675 2497 my>²
701 2440 751 2498 ἧς
779 2441 982 2500 ἤγγειλαν
1011 2447 1049 2486 οἱ
1077 2446 1181 2493 ξένοι
1206 2449 1348 2499 τορῶς.
