1759 2840
835 134 858 171 2

204 251 315 292 initio
353 251 635 292 sententiarum
670 262 747 291 non
785 247 987 298 συνταξει,
1035 251 1104 292 sed
1142 247 1367 309 παρατάξει
1411 255 1495 293 ute-

205 310 355 354 rentur,
391 307 464 345 hoc
490 306 658 354 primum
685 305 771 352 fuit,
799 307 845 344 ut
872 315 928 344 ex
954 267 1286 346 demonstrativis
1293 308 1496 347 sententiis

204 359 403 400 efficerent
436 359 635 409 relativas,
672 363 792 399 un'um
827 358 899 399 hoc
935 359 1151 401 indicantes
1187 370 1286 410 quae
1320 359 1495 401 relativis

205 415 411 467 sententiis
439 414 713 454 contineantur
741 414 991 463 adjungenda
1027 426 1112 455 esse
1147 414 1393 455 antecedenti
1428 426 1494 455 no-

202 469 309 516 mini,
344 468 417 507 sed
453 471 675 507 structuras
710 468 1000 507 enuntiatorum
1046 470 1258 519 separatim
1293 468 1492 508 habentes.

201 523 330 572 Atque
360 522 435 563 hoc
464 522 622 573 quidem
650 521 804 563 dicendi
831 532 953 571 genus
979 522 1071 576 inde
1099 522 1148 563 ab
1176 523 1345 563 Homero
1366 521 1513 574 usque

202 577 254 615 ad
269 577 385 616 finem
413 577 559 615 saeculi
586 577 688 615 sexti
715 588 751 615 a.
768 576 859 615 Chr.
888 572 999 616 unice
1030 578 1221 616 usitatum·
1231 577 1317 616 fuit.
1351 577 1492 617 Postea
1520 578 1525 583 '

202 641 294 670 vero
331 641 376 669 eo
411 641 533 680 usque
567 632 754 680 provecta
791 632 851 668 est
887 630 1173 672 sententiarum
1214 631 1410 680 junctura,
1449 633 1493 670 ut

200 697 272 735 per
299 686 574 735 attractionem
602 685 721 725 certis
735 684 967 734 quibusdam
983 680 1273 726 condicionibus
1295 686 1491 736 separatio

201 740 407 784 tolleretur
434 742 475 778 et
502 740 718 778 enuntiatio
746 739 914 777 relativa
941 750 1028 779 cum
1064 739 1310 779 antecedenti
1337 740 1491 779 nomine

201 793 548 843 conglutinaretur.
576 792 684 842 Unet
711 792 764 832 im
792 792 1083 833 cohaerentiam
1109 793 1275 834 nominis
1303 796 1344 833 et
1371 803 1490 834 enun-

201 848 374 886 tiationis
401 848 589 886 relativae
619 849 739 886 etiam
766 847 892 886 forma
930 848 1207 897 exprimerent,
1243 848 1343 887 hanc
1369 848 1489 887 ratio-

200 912 289 941 nem
317 901 488 951 amplexi
515 904 618 950 sunt,
645 904 690 939 ut
717 911 849 940 casum
867 901 1106 949 pronominis
1134 900 1204 941 rel.
1229 901 1311 951 J'am
1339 911 1416 941 non
1439 901 1490 941 ad

200 959 439 996 structuram
475 956 598 1008 verbi,
644 955 748 995 unde
783 955 940 1005 pendet,
983 958 1227 1005 revocarent,
1272 954 1342 996 sed
1380 956 1490 1006 quasi
1529 1003 1531 1005 ,

199 1014 352 1060 partem
381 1010 545 1049 nominis
573 1010 841 1049 antecedentis
869 1009 958 1050 huic
987 1011 1259 1050 assimilarent.
1315 1010 1492 1060 Apparet

199 1068 343 1115 autem,
373 1065 555 1117 quoniam
581 1064 673 1104 talis
702 1064 826 1104 artior
854 1065 1072 1115 conjunctio
1091 1064 1188 1104 illud
1208 1063 1489 1106 consectarium

198 1119 328 1167 habet,
356 1124 402 1159 ut
429 1120 644 1159 enuntiatio
672 1119 742 1158 rel.
773 1118 964 1181 dignitate
992 1119 1209 1169 sententiae
1231 1130 1304 1168 per
1331 1131 1372 1159 se
1400 1116 1488 1160 con-

199 1175 340 1213 stantis
370 1174 559 1213 destituta
587 1185 674 1213 cum
702 1173 855 1213 nomine
883 1172 924 1211 in
951 1185 1071 1212 unum
1113 1173 1317 1222 coalescat,
1367 1175 1489 1213 attra-

202 1228 321 1267 ctioni
349 1239 415 1267 eas
443 1230 597 1267 tantum
624 1225 912 1267 enuntiationes
949 1227 1034 1268 rell.
1070 1230 1183 1277 aptas
1220 1226 1352 1276 fuisse,
1389 1238 1487 1277 quae

197 1282 316 1321 etiam
346 1293 483 1322 sensus
510 1282 664 1322 vinculo
693 1284 781 1321 arto
810 1292 898 1335 cuin
926 1282 1080 1321 nomine
1098 1291 1277 1321 >conexae
1295 1280 1410 1321 facile
1437 1282 1487 1321 ad

196 1337 311 1375 unius
338 1336 698 1376 notionis'formam
744 1335 872 1385 redigi
909 1339 1067 1385 possent
1082 1381 1086 1384 ,
1102 1336 1170 1384 ita,
1209 1338 1254 1375 ut
1281 1338 1500 1376 structura-

196 1391 435 1440 participiali
446 1390 874 1431 circumscriberentur.
904 1390 980 1430 Sed
997 1402 1075 1430 non
1101 1390 1226 1429 solum
1252 1389 1324 1439 his,
1337 1396 1340 1399 '
1353 1393 1487 1430 verum

198 1446 316 1484 etiam
343 1444 635 1495 angustioribus
648 1441 804 1483 ‘finibus
832 1444 1147 1493 circumscriptus
1184 1443 1259 1483 fuit
1285 1445 1487 1484 attractio-

127 1522 131 1525 ·
195 1500 255 1538 nis
284 1510 377 1538 usus
405 1499 559 1538 saeculo
588 1499 744 1548 quinto:
784 1497 956 1538 admissa
992 1499 1095 1537 enim
1130 1509 1176 1537 ea
1211 1509 1289 1537 non
1326 1500 1389 1538 est
1413 1499 1488 1538 nisi

195 1554 234 1592 in
262 1553 528 1592 enuntiatione
554 1553 625 1592 rel.
655 1553 936 1603 comprehensa
963 1552 1083 1592 verbo
1111 1552 1238 1591 activo
1265 1553 1335 1591 aut
1346 1552 1486 1600 medio,

194 1607 304 1656 cujus
331 1608 525 1656 objectum
560 1610 621 1646 est
657 1607 903 1646 accusativus
940 1607 1181 1656 pronominis
1209 1606 1281 1645 rel.
1310 1603 1485 1646 Gliscere

193 1661 321 1711 coepit
357 1664 445 1710 post
479 1660 596 1700 finem
632 1661 725 1700 belli
760 1661 1097 1710 Peloponnesiaci,
1134 1671 1251 1709 quum
1288 1660 1405 1699 etiam
1445 1661 1484 1699 in

194 1715 297 1753 tales
325 1715 611 1754 enuntiationes
637 1715 722 1754 rell.
752 1716 947 1763 irreperet
972 1725 1072 1763 quae
1099 1714 1348 1754 continentur
1362 1714 1482 1753 verbo

192 1769 295 1818 quod
340 1780 458 1819 quum
492 1768 650 1819 proprie
695 1768 869 1808 dativum
912 1772 1025 1818 regat
1069 1768 1147 1807 leni
1192 1766 1484 1816 significationis

191 1824 478 1872 permutatione
506 1824 562 1862 ita
590 1826 782 1862 structum
810 1827 881 1870 est,
912 1826 956 1862 ut
983 1822 1227 1862 accusativus
1245 1823 1484 1871 pronominis

191 1878 262 1916 rel.
292 1877 567 1940 supponendus
596 1877 658 1925 sit,
687 1877 809 1916 veluti
824 1877 929 1926 apud
946 1875 1249 1941 Xenophontem
1257 1875 1372 1914 Mem.
1402 1875 1483 1923 IV,

195 1935 228 1979 1,
257 1934 311 1979 4,
333 1933 417 1970 τῶν
455 1927 695 1998 ἀνθρώπων
724 1944 824 1975 τους
863 1923 1247 1983 ἑρρωμενεστοῖτους
1276 1929 1340 1968 και
1371 1932 1455 1981 ἐξερ
1460 1954 1480 1962 -

190 1981 524 2036 γαστικωτάτους
566 1979 623 2023 ὧν
667 1999 720 2024 αν
762 1986 968 2051 ἐγχειρῶσι
1021 1986 1061 2022 et
1097 1982 1274 2023 Aeschin.
1313 1983 1360 2022 de
1396 1982 1482 2022 fals.

189 2040 263 2087 leg.
293 2039 314 2090 ξ
348 2041 422 2078 117
453 2039 505 2091 (p.
536 2038 605 2089 43)
641 2034 738 2090 παρ’
778 2032 835 2077 ων
863 2041 944 2089 μὲν
970 2039 1154 2091 βοηθεῖς
1176 2033 1251 2076 σιῖκ
1279 2032 1483 2090 απολήψη

190 2091 322 2147 χάριν.
377 2094 424 2133 Ιιι
450 2093 581 2133 verbis
610 2104 710 2146 quae
737 2092 959 2142 genetivum
999 2094 1142 2141 regunt
1177 2091 1274 2131 haec
1311 2091 1481 2139 licentia,

188 2151 377 2197 quantum
405 2148 585 2197 equidem
599 2148 701 2196 novi,
730 2158 929 2196 nunquam
942 2158 1016 2186 usu
1031 2150 1190 2196 recepta
1205 2149 1276 2185 est.
1305 2146 1481 2195 Denique

188 2205 320 2242 autem
348 2202 532 2242 attractio
561 2201 681 2241 etiam
709 2201 750 2240 in
778 2201 1058 2240 nominativum
1087 2211 1128 2239 se
1156 2200 1380 2249 insinuavit,
1408 2199 1481 2239 hac

187 2261 317 2296 tamen
347 2257 444 2305 lege,
474 2260 518 2296 ut
553 2255 679 2297 forma
714 2256 954 2306 pronominis
991 2255 1060 2295 rel.
1100 2254 1254 2304 generis
1292 2254 1481 2303 neutrius,

186 2312 313 2350 forma
341 2315 475 2349 autem
502 2310 613 2350 verbi
643 2322 717 2373 quo
746 2311 962 2349 enuntiatio
991 2310 1061 2348 rel.
1079 2310 1311 2356 continetur,
1326 2309 1482 2358 passiva

186 2369 300 2413 esset,
330 2368 374 2404 ut
402 2365 441 2403 ιιι
469 2365 569 2404 libro
598 2364 931 2414 qu1H1ppocrat1s
965 2362 1091 2402 fertur
1120 2378 1213 2415 περι
1226 2363 1482 2427 γυναικείων

185 2421 216 2459 1.
246 2433 277 2459 c.
309 2423 360 2458 30
390 2419 479 2471 (vol.
509 2420 560 2459 II.
588 2432 626 2468 p,
648 2422 723 2458 561
756 2419 817 2458 ed.
833 2419 1017 2481 Ειιιιθι.)
1044 2416 1100 2469 ἦν
1127 2413 1234 2484 γονή
1263 2420 1309 2457 ἐν
1335 2417 1479 2470 γαστρὶ

184 2475 335 2526 ἔχουσα
373 2467 618 2525 σπληνώδης
657 2470 685 2527 ᾖ
712 2470 798 2511 vno*
839 2468 1105 2523 παθημάτων
1144 2467 1202 2510 ὧν
1226 2471 1395 2522 .εἴρηται
1436 2474 1481 2510 ἐν
