1759 2840
852 108 903 146 28

230 230 330 267 9617
358 221 459 265 a‘vo'
509 218 613 264 ὅτου
647 219 738 263 τάδ’
781 226 839 267 εἰς
892 220 1082 276 ἐμαυτόν
1130 221 1249 268 τούς,
1287 204 1409 275 ἐμούς
1474 220 1520 265 θ’

230 276 498 343 ἤμεᾷρτανον.
555 277 675 317 Thuc.
711 277 758 317 V.
796 280 836 327 9,
870 280 896 317 4
945 278 1023 317 τοῦ
1054 274 1288 318 minantium
1326 278 1457 318 πλέον
1489 274 1518 329 ἢ

230 348 307 373 του
336 332 545 385 μένοντος
573 332 618 377 ἐξ
632 327 689 371 ὧν
711 331 796 383 ἐμοὶ
809 332 1038 382 φαίνονται
1055 329 1138 383 τήν
1157 328 1350 372 διάνοιαν
1363 330 1517 394 ἔχουσι.
1592 362 1593 365 ¹

228 387 302 427 ΙΙΙ.
332 390 395 434 37,
426 389 449 425 2
487 382 561 425 οὐκ
601 387 640 431 ἐξ
669 379 726 424 ὧν
754 382 808 424 ἄν
837 383 1064 453 χαςίζησθε
1088 381 1369 437 βλαπτόμενοι
1385 384 1518 431 amvi,

213 438 473 502 ἀἰροῶνται,
498 435 636 492 ὑμῶν,
658 434 763 480 ,ἄλλ’
799 441 841 484 ἐξ
881 452 939 478 ων
975 435 1030 479 ἂν
1065 434 1180 493 ἰσχύϊ
1208 439 1366 489 μᾶλλον
1398 436 1428 502 ἤ
1464 438 1517 490 τῇ
1596 484 1600 489 ,

230 494 397 535 ἐκείνων
424 493 569 544 ευνοίᾳ
605 491 898 556 ποριῖένησθε.
953 492 1046 543 Lys.
1083 504 1139 532 or.
1185 496 1248 540 10,
1286 495 1334 532 14
1371 506 1446 532 mm
1479 493 1520 537 ἐξ

231 542 289 587 ὧν
316 543 365 587 εὖ
395 546 627 597 πεποίηκας
655 559 738 596 την
765 541 905 593 πόλιν,
930 543 1021 592 ,ἄλλ’
1049 550 1090 592 ἐξ
1117 541 1174 585 ὥν
1202 543 1357 586 α’δικῶν
1383 542 1433 586 οὐ
1450 545 1520 586 δὲ*

234 601 366 643 «ramas.-
394 599 525 649 δίκην,
555 600 629 638 οἴει
660 598 747 638 δεῖν
775 599 1053 649 πλεονεκτεῖν.
1108 600 1209 639 Plat.
1242 598 1360 648 Gorg.
1388 610 1426 649 p.
1441 600 1518 639 512

234 658 276 700 ἐξ
304 648 363 693 ὧν
388 650 444 693 τοὶ
473 653 632 694 σαυτοῦ
660 656 858 700 ἐπαινεῖς,
883 652 969 693 τίνι
997 652 1137 706 δικαίῳ
1165 650 1270 706 λόγῳ
1292 654 1369 702 τοῦ
1383 668 1519 706 μηχα·

231 708 411 747 νοποιοῦ
448 713 771 758 καταφρονεῖςς.
809 707 920 746 Idem
948 708 1195 747 attractionis
1220 717 1345 756 genus
1371 707 1521 747 obtinet

230 761 271 801 in
288 760 456 816 formula
483 754 613 812 ὑπὲρ
642 753 699 799 ὧν
717 771 742 800 a
765 761 974 802 scholiasta
992 761 1043 802 ad
1059 761 1162 802 hunc
1188 761 1316 802 locum
1330 763 1520 811 usurpata

233 812 356 866 (ὑπὲρ
386 817 445 854 ιὺν
463 810 670 864 ἐφόνευσα
695 810 1006 866 Ἀγαμέμνονα,
1036 812 1298 862 ἀπώσασθε).
1328 816 1519 855 Venistis-

230 868 371 907 simum
398 870 532 907 autem
559 867 823 906 testimonium
851 868 1041 917 ejusmodi
1067 868 1313 908 attractionis
1325 868 1520 907 admissae

221 923 271 962 'in
319 922 499 970 genetivo
546 920 615 974 qui
659 932 738 960 11011
782 933 807 962 a
841 921 1140 972 praepositione,
1182 922 1252 962 sed
1299 933 1323 961 a
1366 921 1519 964 nomine.

234 976 394 1026 pendet,
450 975 589 1015 haberi
629 979 766 1024 potest
816 976 923 1015 loeus
978 976 1251 1016 Demosthenis
1297 988 1353 1015 or.
1394 980 1457 1024 21,
1496 980 1518 1015 3

234 1031 352 1081 δίκην
380 1029 800 1083 βουλόμενοι’λαβεῑν
829 1025 885 1069 ὧν
914 1031 982 1070 ἐπὶ
1009 1032 1093 1070 τῶν
1131 1028 1265 1070 ἄλλων
1293 1032 1519 1070 ἐτεθέαντο

230 1082 450 1133 (Μειδίαν)
478 1077 648 1134 θραοῦν
675 1080 780 1123 ὄντα
810 1087 877 1125 καὶ
894 1083 1100 1137 βδελυρόν
1116 1084 1181 1124 καὶ
1203 1080 1296 1125 οὐδὲ
1311 1080 1521 1124 καθεκτόν

231 1141 307 1183 ἔτι,
336 1137 407 1176 sed
434 1146 484 1176 ne
510 1137 544 1176 is
571 1137 728 1185 quidem
755 1149 916 1187 prorsus
944 1141 1085 1186 certus,
1130 1150 1247 1187 quum
1274 1138 1342 1187 qui
1378 1137 1519 1177 subau-

234 1191 400 1231 diendus
429 1194 491 1232 est
516 1191 761 1231 accusativus
791 1190 815 1230 ii
844 1203 917 1241 pro
944 1192 1095 1242 objecto
1122 1193 1332 1232 remotiore
1360 1192 1520 1242 adjecti—

230 1257 368 1295 vorum
395 1241 572 1297 θρασύς,
601 1244 801 1298 βδελυρός
827 1246 966 1286 haberi
992 1247 1116 1296 possit
1130 1247 1196 1297 ³²).
1245 1258 1248 1261 ·
1277 1284 1280 1287 .

340 1300 448 1347 Quae
476 1297 595 1347 quum
623 1299 680 1338 ita
713 1300 803 1347 sint,
833 1311 952 1349 quum
978 1301 1272 1340 Hermanniana
1299 1297 1518 1349 explicandi

230 1353 334 1394 ratio
368 1361 393 1393 a
428 1364 583 1401 sensu‚-
608 1353 803 1393 Weiliana
837 1366 862 1393 a
897 1355 1056 1404 linguae
1090 1354 1242 1403 legibus
1269 1353 1518 1403 offensionem

229 1408 385 1456 habeat,
409 1408 499 1457 jure
527 1418 574 1448 ac
602 1407 741 1447 merito
768 1408 870 1448 hunc
899 1408 1025 1449 locum
1054 1409 1103 1448 ab
1126 1408 1372 1449 attractionis
1390 1419 1518 1446 exem-

236 1461 546 1512 plisablegasse
573 1461 669 1519 mihi
696 1461 842 1502 videor.
931 1494 933 1496 .
1477 1492 1500 1516 --

337 1516 426 1556 Non
461 1526 534 1565 ego
567 1516 714 1557 rectius
741 1516 790 1557 ab
819 1517 1044 1559 Hermanno
1074 1513 1126 1561 οἷς
1162 1516 1358 1567 particula
1392 1516 1433 1555 in
1462 1517 1519 1554 ὠν

230 1571 451 1619 genetivum
508 1574 662 1611 mutata
716 1572 990 1611 attractionem
1038 1571 1190 1611 illatam
1238 1582 1324 1618 esse
1381 1579 1541 1609 censeo.

230 1624 360 1664 Prom.
398 1636 434 1662 v.
476 1626 554 1663 630
591 1624 704 1675 (629)
1074 1672 1088 1679 ς
1451 1645 1453 1649 .

337 1674 399 1729 μή
442 1691 529 1730 μου
579 1673 793 1729 προκήδου
843 1679 1010 1730 μᾶσοον
1059 1679 1116 1718 ὡν
1145 1679 1230 1730 ἐμοὶ
1267 1672 1409 1731 γλυκύ.
1485 1676 1487 1679 ’

336 1731 514 1781 Namque
551 1742 768 1782 supponere
808 1743 886 1772 non
931 1732 1024 1772 licet
1068 1743 1185 1782 quam
1222 1732 1289 1772 ille
1316 1731 1519 1780 supposuit

230 1789 471 1827 structuram
502 1784 559 1851 μή
602 1786 708 1838 ,κου’
744 1784 958 1838 προκήδου
986 1784 1162 1839 ’μᾶσσον
1199 1785 1363 1826 τούτων
1399 1786 1440 1836 (1.
1483 1796 1516 1825 e.

229 1838 259 1891 ἢ
320 1842 472 1890 ταῦτα)
524 1856 548 1879 α
604 1855 649 1880 σε
711 1836 998 1892 προκήδεοθαι
1055 1841 1150 1893 ἐμοὶ
1203 1836 1344 1894 γλυκύ.
1419 1839 1516 1879 Nolo

230 1905 303 1944 ego
342 1894 507 1935 multum
548 1894 638 1934 huic
681 1894 740 1934 rei
792 1894 987 1943 tribuere,
1044 1895 1147 1944 quod
1198 1894 1304 1944 apud
1346 1894 1517 1942 tragicos

230 1948 383 1989 nullum
411 1948 629 1998 exemplum
658 1951 779 1997 extat,
807 1949 851 1991 in
876 1959 951 1998 quo
987 1950 1211 1994 enuntiatio¹
1238 1948 1308 1998 rel.
1345 1950 1516 1988 attracta

231 2016 256 2043 a
284 2000 549 2054 comparativo
577 1995 759 2052 pe'ndeat.
828 2003 930 2042 Nam
966 2007 1057 2043 sunt
1092 2003 1313 2053 hujusmodi
1340 2003 1517 2052 exempla

227 2058 335 2107 apud
371 2058 582 2107 scriptores
600 2058 683 2107 ¹qui
721 2057 879 2102 illorum
916 2057 999 2097 fere
1038 2058 1221 2107 aequales
1254 2057 1414 2096 fuerunt
1449 2066 1516 2106 po-

228 2112 497 2161 tissimumque
541 2111 647 2161 apud
691 2111 855 2152 comicos
899 2111 1226 2161 frequentissima.
1270 2110 1328 2151 Cf.
1356 2111 1515 2160 Antiph.

228 2178 284 2205 or.
323 2166 391 2214 IV,
427 2181 464 2218 y,
501 2166 523 2217 §
559 2169 595 2206 4.
653 2166 743 2215 Lys.
785 2177 840 2208 or.
896 2169 932 2214 3,
984 2169 1057 2214 24;
1106 2170 1170 2215 32,
1213 2170 1249 2206 8.
1319 2163 1515 2214 Aristoph.

229 2220 374 2270 Tagen.
401 2219 450 2259 fr.
476 2219 507 2267 Ι,
539 2222 562 2259 3
584 2219 719 2271 (Mein.
737 2219 785 2259 fr.
806 2231 902 2260 com.
930 2220 983 2268 ΙΙ,
1011 2232 1047 2270 p.
1066 2220 1199 2272 1147),
1227 2217 1337 2259 Alex.
1354 2215 1515 2312 As'fvyv.

227 2274 276 2314 fr.
306 2275 386 2322 ΙΠ,
417 2278 439 2314 5
472 2274 542 2325 (M.
570 2274 651 2321 III,
679 2285 717 2323 p.
747 2275 864 2325 438),
907 2274 1088 2314 Menand.
1120 2272 1316 2325 Κεκρύφ.1
1335 2273 1383 2313 fr.
1452 2303 1460 2320 ‚
1492 2276 1514 2312 5

229 2329 300 2379 (M.
329 2328 396 2376 IV,
424 2340 462 2377 p.
478 2328 598 2378 ·147);
627 2327 675 2366 fr.
696 2328 769 2367 inc.
791 2331 855 2376 83,
889 2332 906 2367 1
940 2329 1010 2379 (Μ.
1039 2328 1107 2377 IV,
1138 2328 1255 2378 256);
1282 2327 1329 2367 fr.
1345 2327 1419 2372 inc.
1440 2330 1512 2365 171

317 2458 360 2499 ⁸²)
382 2457 470 2491 Haec
494 2462 545 2491 est
566 2457 727 2491 sententia
748 2457 943 2498 Bustmanni,
972 2457 1064 2501 eujus
1087 2457 1239 2491 conferas
1262 2457 1515 2498 adnotationem.
