1759 2840
844 109 1009 159 46,-

233 222 387 293 (χώραν
414 224 624 280 γυναικῶν
652 217 710 266 ὧν
739 221 839 279 δρᾷς
868 227 914 267 ἐν
942 222 1155 291 ὄμμασιν).
1185 223 1282 265 Oed.
1319 224 1400 265 Col.
1437 228 1516 267 334

209 333 211 336 Α
252 276 325 326 ξυν
352 294 482 344 ωπερ
493 278 605 334 εἶχον
633 280 803 320 οἰκετῶν
831 281 965 347 πιστῷ
994 274 1142 332 μόνῳ).
1189 279 1289 319 Eur.
1303 279 1380 320 Or.
1413 283 1515 321 1409

253 349 360 384 προς
398 328 584 384 θρόνους
611 335 686 376 ἔσω
710 329 910 385 μολόντες
938 328 987 378 ἇς
1014 319 1133 385 ἔγημ’
1161 329 1184 372 o‘
1213 330 1386 378 τοξότας
1415 330 1515 373 Πά-

232 388 324 438 ρις).
362 388 539 427 Alterum
567 387 753 429 accidisse
787 387 896 427 vides
924 387 986 427 his
1014 386 1130 427 locis:
1184 386 1299 454 Soph.
1340 386 1435 427 Oed.
1467 387 1514 427 R.

237 445 311 482 148
343 440 501 495 (τῶνδε
507 457 585 493 γαρ
615 457 735 507 χαριν
762 442 827 481 καὶ
856 437 965 509 δεῦρ’
981 440 1141 505 ἔβημεν
1164 436 1226 481 ὧν
1256 437 1318 481 ὅδ’
1335 441 1518 496 ἐξαγγέλ-

231 497 377 548 λεται).
407 496 466 535 ΕΙ.
487 499 562 536 431
595 493 782 561 (τουτων
792 497 882 559 μὲν
894 490 951 535 ὧν
976 492 1022 562 {fl
1045 509 1083 539 ις
1102 494 1267 549 χεροῖν).
1301 495 1394 535 Eur.
1423 496 1516 536 Hec.

235 554 311 590 759
341 546 465 593 ου’δὲν
492 565 534 588 τι
561 547 724 589 τούτων
753 543 809 611 ὧν
832 564 882 589 συ
912 548 980 589 (50²
962 510 1105 596 ξ.αζῗεις
1163 548 1367 599 Chrysipp.
1378 549 1426 589 fr.
1439 553 1516 590 837

232 601 410 652 λέληθεν
439 599 567 643 ουδὲν
595 602 727 643 τῶνδέ.
754 599 798 653 μ’
826 597 883 642 ῶν
912 617 962 642 συ
997 606 1227 647 νουθετεῖς.
1282 603 1344 642 Ad
1379 614 1518 644 nomen

237 658 439 706 proprium
466 657 632 697 relatam
661 657 968 696 enuntiationem
994 656 1066 695 rel.
1095 655 1144 695 ab
1181 658 1413 697 attractione
1449 656 1517 697 ab·

233 711 395 750 horrere
420 723 540 760 supra
569 713 621 763 (p.
654 711 721 762 39)
751 711 921 750 monui.

339 776 467 824 Atque
494 778 539 814 ut
564 776 669 825 apud
689 775 922 825 Aeschylum
951 774 1120 823 dignitas
1138 774 1417 814 enuntiationis
1445 774 1516 814 rel.

233 830 307 869 hac
333 840 377 868 re
406 833 562 869 servata
590 833 663 878 est,
701 830 805 878 quod
840 829 1083 874 substantivo
1121 829 1172 867 ad
1206 828 1309 877 quod
1346 828 1519 868 refertur

231 884 415 931 succedit,
451 885 507 923 ita
535 884 639 934 apud
669 883 897 933 Sophoclem
924 887 965 922 et
990 883 1218 932 Euripidem
1245 882 1370 931 magis
1406 882 1513 932 adje-

232 938 323 976 ctivi
350 938 433 976 loco
461 937 613 976 haberi·
628 941 765 986 coepta
792 940 863 985 est,
892 949 1010 985 quum
1038 948 1312 999 nonnunquam
1336 936 1516 976 substan-

235 992 314 1030 tivo
343 995 659 1055 anteponeretur,
687 994 732 1030 ut
760 991 876 1040 Soph.
906 991 1044 1030 Trach.
1077 993 1153 1030 680
1178 986 1275 1053 (ἐγω
1304 1004 1381 1042 γαρ
1410 1004 1467 1029 ων
1495 986 1519 1029 o‘

232 1040 320 1095 θήρ
334 1060 385 1094 με
404 1041 710 1095 προϋδιδαξατο
740 1045 909 1094 παρῆκα
936 1044 1111 1095 θεσμῶν
1138 1040 1291 1094 ουδέν),
1320 1046 1390 1082 aut
1415 1043 1519 1082 inter

234 1109 374 1137 nomen
399 1098 503 1138 unde
531 1099 735 1148 genetivus
774 1097 1008 1137 substantivi
1035 1097 1181 1147 pendet
1218 1101 1258 1136 et
1291 1098 1418 1147 ipsum
1452 1108 1517 1164 ge-

232 1154 406 1191 netivum
433 1154 687 1200 insereretur,
724 1156 769 1191 ut
798 1152 914 1201 Soph.
953 1152 1012 1190 El.
1043 1154 1121 1191 873
1160 1146 1429 1204 (ἅναπαυλαν
1459 1146 1516 1190 ὧν

236 1203 447 1270 παροιθεν
468 1206 625 1271 εἶχες
607 1209 673 1245 καὶ
701 1207 942 1250 κατέστενες
971 1205 1134 1271 κακῶν).
1190 1205 1284 1244 Eur.
1315 1204 1381 1244 Or.
1414 1207 1515 1244 1409

232 1255 355 1311 (προς
392 1256 578 1309 θρόνους
599 1254 648 1304 ἇς
694 1256 813 1313 ἔγημ’
857 1256 880 1299 o‘
919 1255 1092 1305 τοξότας
1121 1255 1258 1311 Πάρις
1286 1254 1512 1312 γυναικός.)

230 1315 325 1353 Hec.
360 1316 461 1353 1268
492 1310 584 1366 (οὒκ
611 1313 782 1367 ε’χρησεν
818 1308 944 1353 ουὸὲν
972 1327 1028 1352 ων
1056 1310 1161 1363 ἔχεις
1190 1312 1353 1362 κακῶν).
1383 1312 1515 1351 Phrix.

230 1368 278 1406 fr.
309 1370 386 1406 832
417 1367 639 1418 (τιμωρίαν
668 1370 803 1407 ἔτισεν
830 1361 886 1405 ῶν
914 1363 1026 1417 ε’ρξεν
1044 1366 1097 1416 ⁶¹⁵)
1125 1365 1291 1416 κακῶν),
1320 1368 1390 1404 aut
1416 1366 1522 1405 inter·

235 1422 470 1471 adjectivum
499 1423 539 1459 et
566 1421 788 1469 genetivum
815 1419 1049 1459 substantivi
1076 1422 1299 1469 poneretur,
1328 1422 1373 1459 ut
1402 1419 1516 1469 Soph.

234 1475 626 1526 Ε1.763·(μέγιστα
652 1470 826 1513 πάντων
854 1469 911 1513 ῶν
940 1470 1078 1512 ὄπωπ’
1101 1471 1181 1525 ἐγω
1211 1473 1374 1523 κακῶν).

341 1538 367 1578 S
382 1537 439 1577 ub
453 1538 646 1577 stantiv
657 1549 731 1576 um
748 1548 870 1587 genus
887 1537 1197 1576 enuntiationum
1216 1537 1300 1577 rell.
1326 1539 1515 1577 attracta-

230 1606 318 1633 rum
337 1593 442 1642 apud
469 1592 703 1641 Aeschylum
731 1592 874 1641 duplex
903 1595 974 1639 est,
1001 1602 1119 1640 quum
1147 1602 1216 1631 eae
1237 1594 1306 1631 aut
1322 1603 1346 1630 a
1365 1591 1517 1631 nomine

231 1651 300 1686 aut
327 1659 351 1685 a
379 1646 498 1685 verbo
527 1645 745 1694 pendeant;
774 1643 935 1684 tertium
963 1656 1085 1693 genus
1114 1644 1166 1693 id,
1205 1646 1246 1684 in
1282 1656 1357 1694 quo
1396 1656 1516 1684 enun-

231 1701 342 1741 tiatio
371 1700 442 1739 rel.
473 1711 497 1739 a
524 1699 810 1749 praepositione
845 1699 1011 1748 pendet,
1048 1699 1197 1747 primus
1232 1698 1411 1739 adhibuit
1448 1698 1517 1739 So-

231 1755 388 1804 phocles
417 1754 511 1792 locis
539 1754 621 1792 hiS·
652 1753 746 1792 Oed.
778 1752 860 1792 Col.
884 1756 984 1792 1489
1015 1749 1132 1804 (ανθ’
1154 1748 1211 1793 ῶν
1240 1757 1423 1821 ἔπασχον
1440 1747 1515 1802 εὖ).

229 1810 320 1848 Ant.
353 1811 455 1847 1068
486 1802 604 1869 (ἄνθ’
632 1802 688 1846 ὧν
719 1806 854 1871 ἔχεις).
885 1806 984 1845 Phil.
1015 1809 1092 1846 908
1130 1809 1191 1855 (ἐν
1220 1803 1280 1850 οἷς
1315 1820 1361 1858 γε
1397 1805 1515 1857 δρᾷς·

233 1867 278 1903 ἐν
318 1861 378 1907 οἷς
408 1858 443 1902 δ’
487 1857 618 1911 αὐδᾷς
654 1857 788 1911 ὀκνω).
851 1861 999 1900 Prioris
1034 1861 1189 1910 generis
1224 1860 1324 1900 duae
1369 1860 1516 1910 species

232 1921 336 1965 sunt,
366 1916 558 1978 siquidem
587 1915 801 1954 enuntiatio
838 1915 908 1954 rel.
942 1918 1010 1954 aut
1047 1927 1070 1953 a
1108 1915 1350 1954 substantivo
1388 1917 1457 1953 aut
1491 1926 1516 1953 a

230 1971 459 2021 pronomine
489 1966 614 2008 οὐδέν
641 1969 797 2019 pendet.
855 1969 1011 2009 Tertiae
1040 1969 1194 2019 speciei,
1223 1969 1264 2007 in
1291 1980 1367 2021 qua
1395 1980 1515 2008 enun-

231 2026 343 2065 tiatio
379 2025 450 2065 rel.
489 2023 537 2063 ab
575 2024 767 2073 adjectivo
804 2024 978 2073 regitur,
1015 2023 1063 2062 ab
1110 2022 1301 2073 Aeschylo
1344 2023 1516 2062 nondum

234 2083 446 2135 usurpatae
477 2077 653 2146 exempla
680 2077 801 2117 habes
829 2077 935 2127 apud
964 2077 1190 2127 Sophoclem
1219 2077 1315 2115 duo:
1346 2076 1441 2116 Oed
1469 2077 1514 2116 R.

160 2163 166 2167 Ι
231 2138 307 2174 788
345 2128 423 2198 (ὧν
456 2128 540 2193 μὲν
583 2128 729 2196 ἱκόμην
756 2128 913 2196 ἄτιμον
928 2131 1190 2198 ἐξέπεμψεν)
1219 2134 1259 2170 et
1297 2130 1392 2170 Oed.
1432 2130 1512 2170 Col.
1550 2155 1561 2183 ‘.

231 2192 307 2229 778
338 2184 476 2240 πλήρη
506 2181 540 2225 δ”
567 2183 703 2239 ε’χοντι
734 2181 885 2238 θυμον
915 2199 971 2225 ων
999 2182 1232 2259 χρήζεις66).
1290 2185 1367 2225 Sed
1395 2185 1514 2225 etiam

315 2368 356 2409 ⁶⁵)
379 2365 472 2422 ”ρξε
458 2381 508 2406 εν,
531 2378 597 2399 11011
620 2367 708 2410 quod
730 2378 814 2399 nunc
837 2368 989 2410 seriptum
1011 2371 1062 2400 est
1081 2364 1213 2411 ἦρξεν,
1234 2371 1321 2400 recte
1345 2378 1381 2400 se
1403 2368 1511 2403 habet.

315 2411 356 2452 ⁵⁶)
378 2424 437 2456 χρ),
419 2411 476 2450 ’ζε
463 2423 506 2444 εις
536 2411 738 2443 indicativum
760 2410 1006 2444 eLaurentiano
1023 2410 1054 2442 A
1069 2410 1291 2454 reponendum
1311 2421 1429 2444 censeo
1451 2421 1511 2454 pro

226 2453 343 2501 χρήζοι
345 2466 359 2488 ς
382 2446 537 2497 optativo.
