1759 2840
822 92 869 129 15

204 208 392 249 vocabula
415 204 525 257 ’πρός
545 205 657 261 θεῶν
675 206 717 245 ιιι
736 218 857 248 ιιιιιιιιι
887 206 1077 255 δυοθεῶν
1096 207 1238 246 mutari
1255 207 1384 256 jussit.
1414 206 1493 246 Sed

203 274 297 303 vera
325 272 403 302 non
429 262 512 308 est,
539 259 614 299 etsi
640 259 706 299 ille
733 271 819 301 eam
852 260 1134 302 studiosissime
1163 261 1339 301 defendit
1375 264 1491 310 atque

203 318 245 357 in
272 327 319 356 ea
346 326 388 355 se
409 316 587 364 perstare
616 313 745 362 etiam,
761 315 983 364 nuperrime
1001 315 1199 354 confessus
1220 318 1290 354 est.
1302 315 1356 364 Π)
1385 315 1490 362 Quas
1511 335 1519 350 .—

204 371 308 410 enim
334 370 375 409 in
402 367 598 417 scriptura
624 364 735 408 libris
762 368 911 409 tradita
934 369 1061 408 inesse
1082 370 1236 418 putavit
1259 367 1489 408 offensiones

204 423 335 465 nullae
364 425 465 463 sunt.
519 420 628 467 Nam'
648 421 744 461 nihil
770 422 876 465 valet
913 422 1015 471 quod
1053 423 1103 463 ab
1118 423 1290 465 ‚Eteocle
1324 424 1491 472 supponi

203 475 378 529 potuisse
405 476 563 524 negavit
590 475 682 515 deos
710 477 866 526 Argivis
892 487 957 516 res
980 487 1187 527 prosperas
1200 477 1367 516 ‘daturos
1385 479 1493 526 esse,

205 532 397 582 siquidem
423 531 590 570 victores
626 541 791 580 semper,
826 531 979 578 etiamsi
1005 530 1135 571 hostes
1163 532 1252 580 sint,
1281 543 1304 570 a
1333 531 1407 571 diis
1434 531 1490 570 vi-

206 587 373 626 ctoriam
402 584 574 623 nancisci
600 584 705 623 illius
733 585 912 624 heroicae
940 585 1081 624 aetatis
1109 585 1184 649 fuit
1210 586 1403 624 sententia
1429 596 1491 625 re-

204 640 348 702 ligiosa
375 637 594 678 admodum.
650 638 763 686 Quod
791 644 882 678 v'ero
902 637 1030 678 verbis
1059 636 1164 704 πρός
1177 640 1288 679 θεῶν
1320 639 1491 688 interpo-

204 693 289 734 sitis
305 704 461 733 versum
472 688 615 736 αὐτοῖς
630 693 799 737 ἐκείνοις
815 690 998 739 ανοσιόις
1018 707 1318 749 κομπασμασιν
1335 704 1359 733 a
1372 693 1490 733 verbo

205 744 404 797 φρονοιισι
445 744 545 785 m'ale
574 744 705 785 diveui
732 746 842 795 dixit,
883 745 924 786 id
949 757 1022 796 per
1049 758 1092 785 se
1121 746 1357 795 dissolvitur,
1397 758 1491 796 quo-

207 802 312 841 niam
341 800 401 840 illi
430 799 563 847 dativi,
590 802 635 838 ut
661 800 743 850 ipse
771 800 1055 840 Heimsoethius
1069 804 1203 850 postea
1224 801 1418 840 intellexit
1420 801 1490 851 ,¹⁸)

206 855 361 894 omnino
389 865 466 893 non
492 865 582 892 cum
611 868 717 905 φρον
719 856 832 894 οὖσι·
843 853 962 894 verbo
990 855 1248 903 conjungendi
1274 858 1375 894 sunt.
1408 855 1489 895 Nec

207 907 356 948 firmius
384 917 468 946 esse
495 906 725 971 scripturae
731 906 923 948 δυσθεαῖν
949 907 1127 954 fulcrum,
1154 908 1256 957 quod
1283 908 1324 947 in
1351 908 1488 948 scholi-

208 965 319 1002 astae
347 961 669 1011 interpretatione
696 957 876 1002 οἷνοσίων
902 962 1070 1011 positum
1096 963 1275 1011 opinatus
1303 965 1380 1011 est,
1409 963 1490 1003 elu-

208 1019 273 1056 cet
306 1019 432 1055 totam
468 1014 698 1055 scholiastae
734 1015 901 1055 Medicei
928 1016 1221 1055 adnotationem
1262 993 1489 1065 perlegenti,

231 1081 307 1110 uae
334 1070 430 1110 haee
458 1072 535 1109 est:
574 1070 664 1110 είθε
694 1067 777 1137 γάρ
813 1083 925 1122 παρα
966 1072 1079 1110 θεῶν
1115 1066 1282 1134 τύχοιεν
1318 1073 1435 1117 ἐπαξ
1439 1085 1492 1116 ως

203 1135 261 1164 ων
343 1125 561 1186 ρονοῦσιν
582 1119 761 1163 οἷνοσίων
805 1126 870 1163 καὶ
924 1119 1246 1171 οἷλαζονευοντοιι
1299 1124 1367 1164 ἐπὶ
1403 1126 1488 1164 τῶν

202 1174 304 1217 doni
333 1191 389 1217 ων
418 1173 698 1229 κομπάσματα
726 1179 903 1243 ἔχοντες.
929 1177 1043 1225 Quid
1071 1177 1202 1216 enim?
1231 1188 1356 1217 nonne
1375 1188 1488 1228 aper·

202 1232 286 1271 tum
314 1234 373 1270 est
401 1229 632 1270 vocabulum
659 1230 832 1276 ἐπαξίως
856 1233 1019 1272 tantum
1040 1231 1080 1269 in
1096 1224 1191 1271 voce
1212 1227 1269 1271 ὧν
1288 1233 1487 1283 φρονοῦσι

202 1297 359 1325 causam
394 1283 504 1324 s'uam
539 1284 684 1323 habere
728 1295 852 1333 neque
893 1285 971 1324 alio
1013 1285 1171 1324 oonsilio
1212 1297 1236 1324 a
1278 1285 1485 1325 scholiasta

200 1340 371 1389 positum
388 1349 485 1378 esse
512 1338 586 1377 nisi
612 1341 658 1377 ut
684 1338 797 1386 quale
838 1342 942 1378 esset
983 1338 1079 1378 illud
1120 1339 1246 1388 ipsum
1272 1339 1484 1383 enuntiato

203 1391 260 1433 ὥν
301 1394 500 1446 φρονοῦσι
535 1392 851 1442 comprehensum
893 1405 971 1432 una
1005 1404 1096 1432 voce
1134 1393 1456 1443 complecteretur
1465 1395 1493 1437 P,

201 1447 304 1496 Quid
335 1458 427 1487 vero
462 1446 708 1487 scholiastam
743 1448 989 1503 permoverit,
1018 1450 1062 1487 ut
1097 1447 1216 1487 verba
1253 1446 1366 1500 παρά
1401 1449 1489 1489 τῶν

204 1504 315 1541 θεῶν
342 1503 382 1541 ιιι
402 1513 512 1542 suam
531 1499 891 1563 interpretationem
909 1502 1113 1551 reciperet,
1142 1502 1290 1542 frustra
1317 1513 1481 1551 quaeres

199 1567 247 1595 ex
266 1552 557 1604 Heimsoethio,
592 1555 740 1594 frustra
775 1556 842 1604 qui
877 1555 1023 1595 factum
1060 1556 1123 1603 sit,
1170 1559 1215 1595 ut
1240 1556 1355 1596 haec
1364 1556 1485 1595 verba

199 1610 318 1649 etiam
353 1611 393 1650 in
436 1610 654 1658 recentiora
698 1609 843 1649 scholia
889 1610 1121 1658 transirent,
1177 1614 1296 1675 'quum
1330 1611 1482 1660 reliqua

200 1666 351 1704 mutata
390 1664 468 1703 sint
497 1664 538 1719 ιιι
574 1664 675 1702 hunc
717 1664 894 1703 modum:
933 1664 1024 1704 εἴθε
1060 1661 1138 1717 γοὶρ
1176 1678 1343 1726 τυχοιεν
1371 1661 1485 1716 napo?

200 1719 285 1757 τῶν
323 1720 437 1758 θεῶν
480 1714 552 1757 ὧν
564 1714 661 1757 καθ’
688 1714 802 1772 ἤμῷν
830 1718 1042 1769 φρονοῦσι.
1099 1717 1176 1757 Sed
1204 1721 1263 1757 est
1290 1718 1331 1757 in
1358 1718 1486 1769 conje-

127 1779 130 1782 ’
199 1773 336 1812 ctura
348 1773 432 1822 ipsa
468 1772 570 1821 quod
606 1769 926 1822 reprehendatur.
981 1772 1037 1812 Ut
1064 1783 1252 1822 nusquam
1280 1776 1400 1822 extat,
1428 1774 1484 1813 ita

202 1837 275 1874 ego
305 1827 381 1866 dici
407 1837 519 1876 posse
547 1837 645 1875 nego
673 1831 816 1888 τυχεῖν
843 1825 1046 1866 δυσθεων.
1073 1827 1181 1874 Quae
1210 1827 1312 1866 enim
1333 1827 1407 1866 diis
1426 1828 1483 1866 in-

198 1880 282 1926 visa
309 1883 411 1930 sunt,
439 1880 593 1920 omnino
620 1879 668 1919 ab
690 1880 737 1919 iis
758 1879 961 1930 impetrari
984 1879 1060 1920 (1101
1070 1891 1146 1920 non
1164 1884 1335 1930 possunt.
1365 1881 1482 1920 Dein-

199 1934 247 1973 de
280 1949 557 1999 uopgwaopwta
585 1934 741 1984 quidem
769 1934 845 1974 dici
869 1937 1080 1984 potuerunt
1106 1932 1281 1981 δύσθεα,
1308 1938 1353 1974 ιιι
1380 1936 1484 1975 dicta

198 1990 289 2028 sunt
327 1984 501 2037 α’νόσια,
533 1989 643 2038 quod
678 1991 809 2027 autem
844 1988 980 2038 Argivi
1018 1988 1088 2028 de
1100 1987 1198 2028 urbe
1226 1990 1483 2039 expugnanda

201 2043 483 2092 cogitaverunt,
511 2042 582 2081 id
571 2043 731 2092 1mpium
746 2042 929 2095 diisque
918 2042 1083 2081 invisum
1111 2043 1301 2092 appellari
1320 2055 1397 2083 non
1415 2055 1482 2093 po-

201 2097 288 2136 tuit.
319 2096 494 2158 Denique
522 2107 571 2136 ne
590 2097 686 2136 illud
700 2096 857 2146 quidem
877 2097 1266 2146 praetermittendum
1281 2101 1352 2146 est,
1380 2098 1482 2147 quod

204 2150 503 2200 HeimsoethiuS,
546 2154 590 2191 ut
616 2163 703 2191 eum
731 2161 845 2200 quem
871 2150 988 2190 vellet
1015 2162 1169 2191 sensum
1197 2151 1366 2202 eliceret,
1394 2163 1483 2193 con-

262 2301 328 2343 Β)
352 2300 405 2334 cf.
429 2301 765 2352 Wiederherste‘llung
788 2301 847 2335 der
863 2301 1009 2334 Dramen
1041 2301 1099 2334 des
1128 2301 1309 2345 Aeschylus
1337 2301 1372 2336 S.
1394 2302 1477 2345 448;

198 2344 258 2377 Die,
301 2344 456 2377 indirecte
477 2343 755 2399 Ueberlieferung
779 2345 837 2378 des
872 2344 1010 2387 aeschyl.
1045 2344 1169 2378 Textes
1204 2345 1240 2381 S.
1274 2346 1353 2384 14ος
1398 2327 1480 2380 Krit’,

198 2387 339 2420 Studien
363 2398 402 2419 zu
426 2387 490 2420 den
512 2388 630 2439 gricch
654 2387 850 2432 Tragikern
857 2389 890 2422 S.
916 2388 994 2422 1‘24.

286 2430 327 2474 ¹⁸)
352 2429 410 2475 Of
430 2430 513 2466 Krit.
537 2431 673 2464 Studien
694 2432 822 2467 2124.
